%YAML 1.1
%TAG !u! tag:unity3d.com,2011:
--- !u!29 &1
OcclusionCullingSettings:
  m_ObjectHideFlags: 0
  serializedVersion: 2
  m_OcclusionBakeSettings:
    smallestOccluder: 5
    smallestHole: 0.25
    backfaceThreshold: 100
  m_SceneGUID: 00000000000000000000000000000000
  m_OcclusionCullingData: {fileID: 0}
--- !u!104 &2
RenderSettings:
  m_ObjectHideFlags: 0
  serializedVersion: 9
  m_Fog: 0
  m_FogColor: {r: 0.5, g: 0.5, b: 0.5, a: 1}
  m_FogMode: 3
  m_FogDensity: 0.01
  m_LinearFogStart: 0
  m_LinearFogEnd: 300
  m_AmbientSkyColor: {r: 0.212, g: 0.227, b: 0.259, a: 1}
  m_AmbientEquatorColor: {r: 0.114, g: 0.125, b: 0.133, a: 1}
  m_AmbientGroundColor: {r: 0.047, g: 0.043, b: 0.035, a: 1}
  m_AmbientIntensity: 1
  m_AmbientMode: 0
  m_SubtractiveShadowColor: {r: 0.42, g: 0.478, b: 0.627, a: 1}
  m_SkyboxMaterial: {fileID: 10304, guid: 0000000000000000f000000000000000, type: 0}
  m_HaloStrength: 0.5
  m_FlareStrength: 1
  m_FlareFadeSpeed: 3
  m_HaloTexture: {fileID: 0}
  m_SpotCookie: {fileID: 10001, guid: 0000000000000000e000000000000000, type: 0}
  m_DefaultReflectionMode: 0
  m_DefaultReflectionResolution: 128
  m_ReflectionBounces: 1
  m_ReflectionIntensity: 1
  m_CustomReflection: {fileID: 0}
  m_Sun: {fileID: 0}
  m_IndirectSpecularColor: {r: 0.44814652, g: 0.49816012, b: 0.5755513, a: 1}
  m_UseRadianceAmbientProbe: 0
--- !u!157 &3
LightmapSettings:
  m_ObjectHideFlags: 0
  serializedVersion: 12
  m_GIWorkflowMode: 1
  m_GISettings:
    serializedVersion: 2
    m_BounceScale: 1
    m_IndirectOutputScale: 1
    m_AlbedoBoost: 1
    m_EnvironmentLightingMode: 0
    m_EnableBakedLightmaps: 1
    m_EnableRealtimeLightmaps: 0
  m_LightmapEditorSettings:
    serializedVersion: 12
    m_Resolution: 2
    m_BakeResolution: 40
    m_AtlasSize: 1024
    m_AO: 0
    m_AOMaxDistance: 1
    m_CompAOExponent: 1
    m_CompAOExponentDirect: 0
    m_ExtractAmbientOcclusion: 0
    m_Padding: 2
    m_LightmapParameters: {fileID: 0}
    m_LightmapsBakeMode: 1
    m_TextureCompression: 1
    m_FinalGather: 0
    m_FinalGatherFiltering: 1
    m_FinalGatherRayCount: 256
    m_ReflectionCompression: 2
    m_MixedBakeMode: 2
    m_BakeBackend: 1
    m_PVRSampling: 1
    m_PVRDirectSampleCount: 32
    m_PVRSampleCount: 512
    m_PVRBounces: 2
    m_PVREnvironmentSampleCount: 256
    m_PVREnvironmentReferencePointCount: 2048
    m_PVRFilteringMode: 1
    m_PVRDenoiserTypeDirect: 1
    m_PVRDenoiserTypeIndirect: 1
    m_PVRDenoiserTypeAO: 1
    m_PVRFilterTypeDirect: 0
    m_PVRFilterTypeIndirect: 0
    m_PVRFilterTypeAO: 0
    m_PVREnvironmentMIS: 1
    m_PVRCulling: 1
    m_PVRFilteringGaussRadiusDirect: 1
    m_PVRFilteringGaussRadiusIndirect: 5
    m_PVRFilteringGaussRadiusAO: 2
    m_PVRFilteringAtrousPositionSigmaDirect: 0.5
    m_PVRFilteringAtrousPositionSigmaIndirect: 2
    m_PVRFilteringAtrousPositionSigmaAO: 1
    m_ExportTrainingData: 0
    m_TrainingDataDestination: TrainingData
    m_LightProbeSampleCountMultiplier: 4
  m_LightingDataAsset: {fileID: 0}
  m_LightingSettings: {fileID: 0}
--- !u!196 &4
NavMeshSettings:
  serializedVersion: 2
  m_ObjectHideFlags: 0
  m_BuildSettings:
    serializedVersion: 2
    agentTypeID: 0
    agentRadius: 0.5
    agentHeight: 2
    agentSlope: 45
    agentClimb: 0.4
    ledgeDropHeight: 0
    maxJumpAcrossDistance: 0
    minRegionArea: 2
    manualCellSize: 0
    cellSize: 0.16666667
    manualTileSize: 0
    tileSize: 256
    accuratePlacement: 0
    maxJobWorkers: 0
    preserveTilesOutsideBounds: 0
    debug:
      m_Flags: 0
  m_NavMeshData: {fileID: 0}
--- !u!1 &17359214
GameObject:
  m_ObjectHideFlags: 0
  m_CorrespondingSourceObject: {fileID: 0}
  m_PrefabInstance: {fileID: 0}
  m_PrefabAsset: {fileID: 0}
  serializedVersion: 6
  m_Component:
  - component: {fileID: 17359215}
  - component: {fileID: 17359218}
  - component: {fileID: 17359217}
  - component: {fileID: 17359216}
  m_Layer: 0
  m_Name: Cube (4)
  m_TagString: Untagged
  m_Icon: {fileID: 0}
  m_NavMeshLayer: 0
  m_StaticEditorFlags: 0
  m_IsActive: 1
--- !u!4 &17359215
Transform:
  m_ObjectHideFlags: 0
  m_CorrespondingSourceObject: {fileID: 0}
  m_PrefabInstance: {fileID: 0}
  m_PrefabAsset: {fileID: 0}
  m_GameObject: {fileID: 17359214}
  m_LocalRotation: {x: -0, y: -0, z: -0, w: 1}
  m_LocalPosition: {x: 0.68, y: -0.98, z: -0.03}
  m_LocalScale: {x: 5, y: 1, z: 2}
  m_Children: []
  m_Father: {fileID: 1963787968}
  m_RootOrder: 0
  m_LocalEulerAnglesHint: {x: 0, y: 0, z: 0}
--- !u!65 &17359216
BoxCollider:
  m_ObjectHideFlags: 0
  m_CorrespondingSourceObject: {fileID: 0}
  m_PrefabInstance: {fileID: 0}
  m_PrefabAsset: {fileID: 0}
  m_GameObject: {fileID: 17359214}
  m_Material: {fileID: 13400000, guid: dd18dc4ac24554a0badca3bef5a8c155, type: 2}
  m_IsTrigger: 0
  m_Enabled: 1
  serializedVersion: 2
  m_Size: {x: 1, y: 1, z: 1}
  m_Center: {x: 0, y: 0, z: 0}
--- !u!23 &17359217
MeshRenderer:
  m_ObjectHideFlags: 0
  m_CorrespondingSourceObject: {fileID: 0}
  m_PrefabInstance: {fileID: 0}
  m_PrefabAsset: {fileID: 0}
  m_GameObject: {fileID: 17359214}
  m_Enabled: 1
  m_CastShadows: 1
  m_ReceiveShadows: 1
  m_DynamicOccludee: 1
  m_MotionVectors: 1
  m_LightProbeUsage: 1
  m_ReflectionProbeUsage: 1
  m_RayTracingMode: 2
  m_RayTraceProcedural: 0
  m_RenderingLayerMask: 1
  m_RendererPriority: 0
  m_Materials:
  - {fileID: 2100000, guid: 5c13ff935b260447a861acd7df56ba6c, type: 2}
  m_StaticBatchInfo:
    firstSubMesh: 0
    subMeshCount: 0
  m_StaticBatchRoot: {fileID: 0}
  m_ProbeAnchor: {fileID: 0}
  m_LightProbeVolumeOverride: {fileID: 0}
  m_ScaleInLightmap: 1
  m_ReceiveGI: 1
  m_PreserveUVs: 0
  m_IgnoreNormalsForChartDetection: 0
  m_ImportantGI: 0
  m_StitchLightmapSeams: 1
  m_SelectedEditorRenderState: 3
  m_MinimumChartSize: 4
  m_AutoUVMaxDistance: 0.5
  m_AutoUVMaxAngle: 89
  m_LightmapParameters: {fileID: 0}
  m_SortingLayerID: 0
  m_SortingLayer: 0
  m_SortingOrder: 0
  m_AdditionalVertexStreams: {fileID: 0}
--- !u!33 &17359218
MeshFilter:
  m_ObjectHideFlags: 0
  m_CorrespondingSourceObject: {fileID: 0}
  m_PrefabInstance: {fileID: 0}
  m_PrefabAsset: {fileID: 0}
  m_GameObject: {fileID: 17359214}
  m_Mesh: {fileID: 10202, guid: 0000000000000000e000000000000000, type: 0}
--- !u!4 &26043754 stripped
Transform:
  m_CorrespondingSourceObject: {fileID: 1232642526394195319, guid: be47ac35f899a42c2b88ba88da941498, type: 3}
  m_PrefabInstance: {fileID: 1884938160}
  m_PrefabAsset: {fileID: 0}
--- !u!1 &228418543
GameObject:
  m_ObjectHideFlags: 0
  m_CorrespondingSourceObject: {fileID: 0}
  m_PrefabInstance: {fileID: 0}
  m_PrefabAsset: {fileID: 0}
  serializedVersion: 6
  m_Component:
  - component: {fileID: 228418544}
  - component: {fileID: 228418545}
  m_Layer: 0
  m_Name: Win
  m_TagString: Untagged
  m_Icon: {fileID: 0}
  m_NavMeshLayer: 0
  m_StaticEditorFlags: 0
  m_IsActive: 1
--- !u!224 &228418544
RectTransform:
  m_ObjectHideFlags: 0
  m_CorrespondingSourceObject: {fileID: 0}
  m_PrefabInstance: {fileID: 0}
  m_PrefabAsset: {fileID: 0}
  m_GameObject: {fileID: 228418543}
  m_LocalRotation: {x: 0, y: 0, z: 0, w: 1}
  m_LocalPosition: {x: 0, y: 0, z: 0}
  m_LocalScale: {x: 1, y: 1, z: 1}
  m_Children: []
  m_Father: {fileID: 2102265235}
  m_RootOrder: 6
  m_LocalEulerAnglesHint: {x: 0, y: 0, z: 0}
  m_AnchorMin: {x: 0.5, y: 0.5}
  m_AnchorMax: {x: 0.5, y: 0.5}
  m_AnchoredPosition: {x: 0, y: 0}
  m_SizeDelta: {x: 100, y: 100}
  m_Pivot: {x: 0.5, y: 0.5}
--- !u!82 &228418545
AudioSource:
  m_ObjectHideFlags: 0
  m_CorrespondingSourceObject: {fileID: 0}
  m_PrefabInstance: {fileID: 0}
  m_PrefabAsset: {fileID: 0}
  m_GameObject: {fileID: 228418543}
  m_Enabled: 1
  serializedVersion: 4
  OutputAudioMixerGroup: {fileID: 24300002, guid: 1bb3e3d89617e8547a7c226869018708, type: 2}
  m_audioClip: {fileID: 8300000, guid: 2eabbeb955143e340ad80862706abe4d, type: 3}
  m_PlayOnAwake: 0
  m_Volume: 0.604
  m_Pitch: 1
  Loop: 0
  Mute: 0
  Spatialize: 0
  SpatializePostEffects: 0
  Priority: 128
  DopplerLevel: 1
  MinDistance: 1
  MaxDistance: 500
  Pan2D: 0
  rolloffMode: 0
  BypassEffects: 0
  BypassListenerEffects: 0
  BypassReverbZones: 0
  rolloffCustomCurve:
    serializedVersion: 2
    m_Curve:
    - serializedVersion: 3
      time: 0
      value: 1
      inSlope: 0
      outSlope: 0
      tangentMode: 0
      weightedMode: 0
      inWeight: 0.33333334
      outWeight: 0.33333334
    - serializedVersion: 3
      time: 1
      value: 0
      inSlope: 0
      outSlope: 0
      tangentMode: 0
      weightedMode: 0
      inWeight: 0.33333334
      outWeight: 0.33333334
    m_PreInfinity: 2
    m_PostInfinity: 2
    m_RotationOrder: 4
  panLevelCustomCurve:
    serializedVersion: 2
    m_Curve:
    - serializedVersion: 3
      time: 0
      value: 0
      inSlope: 0
      outSlope: 0
      tangentMode: 0
      weightedMode: 0
      inWeight: 0.33333334
      outWeight: 0.33333334
    m_PreInfinity: 2
    m_PostInfinity: 2
    m_RotationOrder: 4
  spreadCustomCurve:
    serializedVersion: 2
    m_Curve:
    - serializedVersion: 3
      time: 0
      value: 0
      inSlope: 0
      outSlope: 0
      tangentMode: 0
      weightedMode: 0
      inWeight: 0.33333334
      outWeight: 0.33333334
    m_PreInfinity: 2
    m_PostInfinity: 2
    m_RotationOrder: 4
  reverbZoneMixCustomCurve:
    serializedVersion: 2
    m_Curve:
    - serializedVersion: 3
      time: 0
      value: 1
      inSlope: 0
      outSlope: 0
      tangentMode: 0
      weightedMode: 0
      inWeight: 0.33333334
      outWeight: 0.33333334
    m_PreInfinity: 2
    m_PostInfinity: 2
    m_RotationOrder: 4
--- !u!1001 &808777001
PrefabInstance:
  m_ObjectHideFlags: 0
  serializedVersion: 2
  m_Modification:
    m_TransformParent: {fileID: 1072210415}
    m_Modifications:
    - target: {fileID: 747049159031288287, guid: 29bbcad1aec454191b36de1f52bd2a67, type: 3}
      propertyPath: m_RootOrder
      value: 0
      objectReference: {fileID: 0}
    - target: {fileID: 747049159031288287, guid: 29bbcad1aec454191b36de1f52bd2a67, type: 3}
      propertyPath: m_LocalPosition.x
      value: 43.06
      objectReference: {fileID: 0}
    - target: {fileID: 747049159031288287, guid: 29bbcad1aec454191b36de1f52bd2a67, type: 3}
      propertyPath: m_LocalPosition.y
      value: 0
      objectReference: {fileID: 0}
    - target: {fileID: 747049159031288287, guid: 29bbcad1aec454191b36de1f52bd2a67, type: 3}
      propertyPath: m_LocalPosition.z
      value: 0
      objectReference: {fileID: 0}
    - target: {fileID: 747049159031288287, guid: 29bbcad1aec454191b36de1f52bd2a67, type: 3}
      propertyPath: m_LocalRotation.w
      value: 1
      objectReference: {fileID: 0}
    - target: {fileID: 747049159031288287, guid: 29bbcad1aec454191b36de1f52bd2a67, type: 3}
      propertyPath: m_LocalRotation.x
      value: 0
      objectReference: {fileID: 0}
    - target: {fileID: 747049159031288287, guid: 29bbcad1aec454191b36de1f52bd2a67, type: 3}
      propertyPath: m_LocalRotation.y
      value: 0
      objectReference: {fileID: 0}
    - target: {fileID: 747049159031288287, guid: 29bbcad1aec454191b36de1f52bd2a67, type: 3}
      propertyPath: m_LocalRotation.z
      value: 0
      objectReference: {fileID: 0}
    - target: {fileID: 747049159031288287, guid: 29bbcad1aec454191b36de1f52bd2a67, type: 3}
      propertyPath: m_LocalEulerAnglesHint.x
      value: 0
      objectReference: {fileID: 0}
    - target: {fileID: 747049159031288287, guid: 29bbcad1aec454191b36de1f52bd2a67, type: 3}
      propertyPath: m_LocalEulerAnglesHint.y
      value: 0
      objectReference: {fileID: 0}
    - target: {fileID: 747049159031288287, guid: 29bbcad1aec454191b36de1f52bd2a67, type: 3}
      propertyPath: m_LocalEulerAnglesHint.z
      value: 0
      objectReference: {fileID: 0}
    - target: {fileID: 2265413072658640561, guid: 29bbcad1aec454191b36de1f52bd2a67, type: 3}
      propertyPath: m_Name
      value: GoalGate
      objectReference: {fileID: 0}
    m_RemovedComponents: []
  m_SourcePrefab: {fileID: 100100000, guid: 29bbcad1aec454191b36de1f52bd2a67, type: 3}
--- !u!1001 &823743250
PrefabInstance:
  m_ObjectHideFlags: 0
  serializedVersion: 2
  m_Modification:
    m_TransformParent: {fileID: 1963787968}
    m_Modifications:
    - target: {fileID: 1611373715402337260, guid: 69347ec506edf4a1fa75d528d6403166, type: 3}
      propertyPath: m_RootOrder
      value: 6
      objectReference: {fileID: 0}
    - target: {fileID: 1611373715402337260, guid: 69347ec506edf4a1fa75d528d6403166, type: 3}
      propertyPath: m_LocalScale.x
      value: 3.8
      objectReference: {fileID: 0}
    - target: {fileID: 1611373715402337260, guid: 69347ec506edf4a1fa75d528d6403166, type: 3}
      propertyPath: m_LocalScale.y
      value: 0.4325
      objectReference: {fileID: 0}
    - target: {fileID: 1611373715402337260, guid: 69347ec506edf4a1fa75d528d6403166, type: 3}
      propertyPath: m_LocalScale.z
      value: 2
      objectReference: {fileID: 0}
    - target: {fileID: 1611373715402337260, guid: 69347ec506edf4a1fa75d528d6403166, type: 3}
      propertyPath: m_LocalPosition.x
      value: 37.15
      objectReference: {fileID: 0}
    - target: {fileID: 1611373715402337260, guid: 69347ec506edf4a1fa75d528d6403166, type: 3}
      propertyPath: m_LocalPosition.y
      value: -1.3
      objectReference: {fileID: 0}
    - target: {fileID: 1611373715402337260, guid: 69347ec506edf4a1fa75d528d6403166, type: 3}
      propertyPath: m_LocalPosition.z
      value: 0
      objectReference: {fileID: 0}
    - target: {fileID: 1611373715402337260, guid: 69347ec506edf4a1fa75d528d6403166, type: 3}
      propertyPath: m_LocalRotation.w
      value: 1
      objectReference: {fileID: 0}
    - target: {fileID: 1611373715402337260, guid: 69347ec506edf4a1fa75d528d6403166, type: 3}
      propertyPath: m_LocalRotation.x
      value: -0
      objectReference: {fileID: 0}
    - target: {fileID: 1611373715402337260, guid: 69347ec506edf4a1fa75d528d6403166, type: 3}
      propertyPath: m_LocalRotation.y
      value: -0
      objectReference: {fileID: 0}
    - target: {fileID: 1611373715402337260, guid: 69347ec506edf4a1fa75d528d6403166, type: 3}
      propertyPath: m_LocalRotation.z
      value: -0
      objectReference: {fileID: 0}
    - target: {fileID: 1611373715402337260, guid: 69347ec506edf4a1fa75d528d6403166, type: 3}
      propertyPath: m_LocalEulerAnglesHint.x
      value: 0
      objectReference: {fileID: 0}
    - target: {fileID: 1611373715402337260, guid: 69347ec506edf4a1fa75d528d6403166, type: 3}
      propertyPath: m_LocalEulerAnglesHint.y
      value: 0
      objectReference: {fileID: 0}
    - target: {fileID: 1611373715402337260, guid: 69347ec506edf4a1fa75d528d6403166, type: 3}
      propertyPath: m_LocalEulerAnglesHint.z
      value: 0
      objectReference: {fileID: 0}
    - target: {fileID: 3700365744653131959, guid: 69347ec506edf4a1fa75d528d6403166, type: 3}
      propertyPath: m_Name
      value: Lava (1)
      objectReference: {fileID: 0}
    - target: {fileID: 4685225785906711079, guid: 69347ec506edf4a1fa75d528d6403166, type: 3}
      propertyPath: DamagePerSecond
      value: 25
      objectReference: {fileID: 0}
    m_RemovedComponents: []
  m_SourcePrefab: {fileID: 100100000, guid: 69347ec506edf4a1fa75d528d6403166, type: 3}
--- !u!1 &922701981
GameObject:
  m_ObjectHideFlags: 0
  m_CorrespondingSourceObject: {fileID: 0}
  m_PrefabInstance: {fileID: 0}
  m_PrefabAsset: {fileID: 0}
  serializedVersion: 6
  m_Component:
  - component: {fileID: 922701982}
  - component: {fileID: 922701985}
  - component: {fileID: 922701984}
  - component: {fileID: 922701983}
  m_Layer: 0
  m_Name: Cube (6)
  m_TagString: Untagged
  m_Icon: {fileID: 0}
  m_NavMeshLayer: 0
  m_StaticEditorFlags: 0
  m_IsActive: 1
--- !u!4 &922701982
Transform:
  m_ObjectHideFlags: 0
  m_CorrespondingSourceObject: {fileID: 0}
  m_PrefabInstance: {fileID: 0}
  m_PrefabAsset: {fileID: 0}
  m_GameObject: {fileID: 922701981}
  m_LocalRotation: {x: -0, y: -0, z: -0, w: 1}
  m_LocalPosition: {x: 16.04, y: -0.83, z: 0}
  m_LocalScale: {x: 6, y: 1.34349, z: 2}
  m_Children: []
  m_Father: {fileID: 1963787968}
  m_RootOrder: 2
  m_LocalEulerAnglesHint: {x: 0, y: 0, z: 0}
--- !u!65 &922701983
BoxCollider:
  m_ObjectHideFlags: 0
  m_CorrespondingSourceObject: {fileID: 0}
  m_PrefabInstance: {fileID: 0}
  m_PrefabAsset: {fileID: 0}
  m_GameObject: {fileID: 922701981}
  m_Material: {fileID: 13400000, guid: dd18dc4ac24554a0badca3bef5a8c155, type: 2}
  m_IsTrigger: 0
  m_Enabled: 1
  serializedVersion: 2
  m_Size: {x: 1, y: 1, z: 1}
  m_Center: {x: 0, y: 0, z: 0}
--- !u!23 &922701984
MeshRenderer:
  m_ObjectHideFlags: 0
  m_CorrespondingSourceObject: {fileID: 0}
  m_PrefabInstance: {fileID: 0}
  m_PrefabAsset: {fileID: 0}
  m_GameObject: {fileID: 922701981}
  m_Enabled: 1
  m_CastShadows: 1
  m_ReceiveShadows: 1
  m_DynamicOccludee: 1
  m_MotionVectors: 1
  m_LightProbeUsage: 1
  m_ReflectionProbeUsage: 1
  m_RayTracingMode: 2
  m_RayTraceProcedural: 0
  m_RenderingLayerMask: 1
  m_RendererPriority: 0
  m_Materials:
  - {fileID: 2100000, guid: 5c13ff935b260447a861acd7df56ba6c, type: 2}
  m_StaticBatchInfo:
    firstSubMesh: 0
    subMeshCount: 0
  m_StaticBatchRoot: {fileID: 0}
  m_ProbeAnchor: {fileID: 0}
  m_LightProbeVolumeOverride: {fileID: 0}
  m_ScaleInLightmap: 1
  m_ReceiveGI: 1
  m_PreserveUVs: 0
  m_IgnoreNormalsForChartDetection: 0
  m_ImportantGI: 0
  m_StitchLightmapSeams: 1
  m_SelectedEditorRenderState: 3
  m_MinimumChartSize: 4
  m_AutoUVMaxDistance: 0.5
  m_AutoUVMaxAngle: 89
  m_LightmapParameters: {fileID: 0}
  m_SortingLayerID: 0
  m_SortingLayer: 0
  m_SortingOrder: 0
  m_AdditionalVertexStreams: {fileID: 0}
--- !u!33 &922701985
MeshFilter:
  m_ObjectHideFlags: 0
  m_CorrespondingSourceObject: {fileID: 0}
  m_PrefabInstance: {fileID: 0}
  m_PrefabAsset: {fileID: 0}
  m_GameObject: {fileID: 922701981}
  m_Mesh: {fileID: 10202, guid: 0000000000000000e000000000000000, type: 0}
--- !u!1 &1022194065 stripped
GameObject:
  m_CorrespondingSourceObject: {fileID: 388290615712883543, guid: 84cdaea7e8c0742a1979f52df6d1db4d, type: 3}
  m_PrefabInstance: {fileID: 1353041825}
  m_PrefabAsset: {fileID: 0}
--- !u!81 &1022194072
AudioListener:
  m_ObjectHideFlags: 0
  m_CorrespondingSourceObject: {fileID: 0}
  m_PrefabInstance: {fileID: 0}
  m_PrefabAsset: {fileID: 0}
  m_GameObject: {fileID: 1022194065}
  m_Enabled: 1
--- !u!82 &1022194073
AudioSource:
  m_ObjectHideFlags: 0
  m_CorrespondingSourceObject: {fileID: 0}
  m_PrefabInstance: {fileID: 0}
  m_PrefabAsset: {fileID: 0}
  m_GameObject: {fileID: 1022194065}
  m_Enabled: 1
  serializedVersion: 4
  OutputAudioMixerGroup: {fileID: 500976942412909207, guid: 1bb3e3d89617e8547a7c226869018708, type: 2}
  m_audioClip: {fileID: 8300000, guid: 3b960e86c5080e64c926fa4996c54e57, type: 3}
  m_PlayOnAwake: 1
  m_Volume: 0.147
  m_Pitch: 1.4
  Loop: 1
  Mute: 1
  Spatialize: 0
  SpatializePostEffects: 0
  Priority: 128
  DopplerLevel: 1
  MinDistance: 1
  MaxDistance: 500
  Pan2D: 0
  rolloffMode: 0
  BypassEffects: 0
  BypassListenerEffects: 0
  BypassReverbZones: 0
  rolloffCustomCurve:
    serializedVersion: 2
    m_Curve:
    - serializedVersion: 3
      time: 0
      value: 1
      inSlope: 0
      outSlope: 0
      tangentMode: 0
      weightedMode: 0
      inWeight: 0.33333334
      outWeight: 0.33333334
    - serializedVersion: 3
      time: 1
      value: 0
      inSlope: 0
      outSlope: 0
      tangentMode: 0
      weightedMode: 0
      inWeight: 0.33333334
      outWeight: 0.33333334
    m_PreInfinity: 2
    m_PostInfinity: 2
    m_RotationOrder: 4
  panLevelCustomCurve:
    serializedVersion: 2
    m_Curve:
    - serializedVersion: 3
      time: 0
      value: 0
      inSlope: 0
      outSlope: 0
      tangentMode: 0
      weightedMode: 0
      inWeight: 0.33333334
      outWeight: 0.33333334
    m_PreInfinity: 2
    m_PostInfinity: 2
    m_RotationOrder: 4
  spreadCustomCurve:
    serializedVersion: 2
    m_Curve:
    - serializedVersion: 3
      time: 0
      value: 0
      inSlope: 0
      outSlope: 0
      tangentMode: 0
      weightedMode: 0
      inWeight: 0.33333334
      outWeight: 0.33333334
    m_PreInfinity: 2
    m_PostInfinity: 2
    m_RotationOrder: 4
  reverbZoneMixCustomCurve:
    serializedVersion: 2
    m_Curve:
    - serializedVersion: 3
      time: 0
      value: 1
      inSlope: 0
      outSlope: 0
      tangentMode: 0
      weightedMode: 0
      inWeight: 0.33333334
      outWeight: 0.33333334
    m_PreInfinity: 2
    m_PostInfinity: 2
    m_RotationOrder: 4
--- !u!1 &1072210414
GameObject:
  m_ObjectHideFlags: 0
  m_CorrespondingSourceObject: {fileID: 0}
  m_PrefabInstance: {fileID: 0}
  m_PrefabAsset: {fileID: 0}
  serializedVersion: 6
  m_Component:
  - component: {fileID: 1072210415}
  m_Layer: 0
  m_Name: Terrain
  m_TagString: Untagged
  m_Icon: {fileID: 0}
  m_NavMeshLayer: 0
  m_StaticEditorFlags: 0
  m_IsActive: 1
--- !u!4 &1072210415
Transform:
  m_ObjectHideFlags: 0
  m_CorrespondingSourceObject: {fileID: 0}
  m_PrefabInstance: {fileID: 0}
  m_PrefabAsset: {fileID: 0}
  m_GameObject: {fileID: 1072210414}
  m_LocalRotation: {x: 0, y: 0, z: 0, w: 1}
  m_LocalPosition: {x: 0, y: 0, z: 0}
  m_LocalScale: {x: 1, y: 1, z: 1}
  m_Children:
  - {fileID: 1968698144}
  - {fileID: 26043754}
  - {fileID: 1963787968}
  m_Father: {fileID: 0}
  m_RootOrder: 3
  m_LocalEulerAnglesHint: {x: 0, y: 0, z: 0}
--- !u!1 &1103498201 stripped
GameObject:
  m_CorrespondingSourceObject: {fileID: 3700365744653131959, guid: 69347ec506edf4a1fa75d528d6403166, type: 3}
  m_PrefabInstance: {fileID: 823743250}
  m_PrefabAsset: {fileID: 0}
--- !u!82 &1103498206
AudioSource:
  m_ObjectHideFlags: 0
  m_CorrespondingSourceObject: {fileID: 0}
  m_PrefabInstance: {fileID: 0}
  m_PrefabAsset: {fileID: 0}
  m_GameObject: {fileID: 1103498201}
  m_Enabled: 1
  serializedVersion: 4
  OutputAudioMixerGroup: {fileID: 3183887455806922010, guid: 1bb3e3d89617e8547a7c226869018708, type: 2}
  m_audioClip: {fileID: 8300000, guid: 1e29c97281c15f740b82dc5eb0245603, type: 3}
  m_PlayOnAwake: 1
  m_Volume: 1
  m_Pitch: 1
  Loop: 1
  Mute: 0
  Spatialize: 0
  SpatializePostEffects: 0
  Priority: 91
  DopplerLevel: 0.87
  MinDistance: 1
  MaxDistance: 500
  Pan2D: 0
  rolloffMode: 2
  BypassEffects: 0
  BypassListenerEffects: 0
  BypassReverbZones: 0
  rolloffCustomCurve:
    serializedVersion: 2
    m_Curve:
    - serializedVersion: 3
      time: 0.002
      value: 1
      inSlope: -500.20065
      outSlope: -500.20065
      tangentMode: 0
      weightedMode: 0
      inWeight: 0
      outWeight: 0
    - serializedVersion: 3
      time: 0.004
      value: 0.5
      inSlope: -125.05016
      outSlope: -125.05016
      tangentMode: 0
      weightedMode: 0
      inWeight: 0
      outWeight: 0
    - serializedVersion: 3
      time: 0.008
      value: 0.25
      inSlope: -31.26254
      outSlope: -31.26254
      tangentMode: 0
      weightedMode: 0
      inWeight: 0
      outWeight: 0
    - serializedVersion: 3
      time: 0.016
      value: 0.125
      inSlope: -7.815635
      outSlope: -7.815635
      tangentMode: 0
      weightedMode: 0
      inWeight: 0
      outWeight: 0
    - serializedVersion: 3
      time: 0.032
      value: 0.0625
      inSlope: -1.9539088
      outSlope: -1.9539088
      tangentMode: 0
      weightedMode: 0
      inWeight: 0
      outWeight: 0
    - serializedVersion: 3
      time: 0.128
      value: 0.015625
      inSlope: -0.1221193
      outSlope: -0.1221193
      tangentMode: 0
      weightedMode: 0
      inWeight: 0
      outWeight: 0
    - serializedVersion: 3
      time: 0.256
      value: 0.0078125
      inSlope: -0.030529825
      outSlope: -0.030529825
      tangentMode: 0
      weightedMode: 0
      inWeight: 0
      outWeight: 0
    - serializedVersion: 3
      time: 0.47955984
      value: 0
      inSlope: -0.0076324563
      outSlope: -0.0076324563
      tangentMode: 0
      weightedMode: 0
      inWeight: 0
      outWeight: 0
    - serializedVersion: 3
      time: 0.50925416
      value: 0.4833866
      inSlope: 5.4281025
      outSlope: 5.4281025
      tangentMode: 0
      weightedMode: 0
      inWeight: 0.33333334
      outWeight: 0.33333334
    - serializedVersion: 3
      time: 0.59193885
      value: 0.6143799
      inSlope: 0.03037361
      outSlope: 0.03037361
      tangentMode: 0
      weightedMode: 0
      inWeight: 0
      outWeight: 1
    - serializedVersion: 3
      time: 0.67731714
      value: 0.48988193
      inSlope: -4.017955
      outSlope: -4.017955
      tangentMode: 0
      weightedMode: 0
      inWeight: 0.33333334
      outWeight: 0.33333334
    - serializedVersion: 3
      time: 0.762146
      value: 0
      inSlope: -0.002000801
      outSlope: -0.002000801
      tangentMode: 0
      weightedMode: 0
      inWeight: 0
      outWeight: 0
    m_PreInfinity: 2
    m_PostInfinity: 2
    m_RotationOrder: 4
  panLevelCustomCurve:
    serializedVersion: 2
    m_Curve:
    - serializedVersion: 3
      time: 0
      value: 1
      inSlope: 0
      outSlope: 0
      tangentMode: 0
      weightedMode: 0
      inWeight: 0.33333334
      outWeight: 0.33333334
    m_PreInfinity: 2
    m_PostInfinity: 2
    m_RotationOrder: 4
  spreadCustomCurve:
    serializedVersion: 2
    m_Curve:
    - serializedVersion: 3
      time: 0
      value: 0
      inSlope: 0
      outSlope: 0
      tangentMode: 0
      weightedMode: 0
      inWeight: 0.33333334
      outWeight: 0.33333334
    - serializedVersion: 3
      time: 0.5171171
      value: 0
      inSlope: 0
      outSlope: 0
      tangentMode: 0
      weightedMode: 0
      inWeight: 0.33333334
      outWeight: 0.33333334
    - serializedVersion: 3
      time: 0.534344
      value: 0.4531024
      inSlope: 2.148358
      outSlope: 2.148358
      tangentMode: 0
      weightedMode: 0
      inWeight: 0.33333334
      outWeight: 1
    - serializedVersion: 3
      time: 0.5891942
      value: 0.51953125
      inSlope: 0
      outSlope: 0
      tangentMode: 0
      weightedMode: 0
      inWeight: 0.33333334
      outWeight: 0.33333334
    - serializedVersion: 3
      time: 0.6467546
      value: 0.46380964
      inSlope: -1.5534267
      outSlope: -1.5534267
      tangentMode: 0
      weightedMode: 0
      inWeight: 1
      outWeight: 0.33333334
    - serializedVersion: 3
      time: 0.70090085
      value: 0
      inSlope: 0
      outSlope: 0
      tangentMode: 0
      weightedMode: 0
      inWeight: 0.33333334
      outWeight: 0.33333334
    m_PreInfinity: 2
    m_PostInfinity: 2
    m_RotationOrder: 4
  reverbZoneMixCustomCurve:
    serializedVersion: 2
    m_Curve:
    - serializedVersion: 3
      time: 0
      value: 1
      inSlope: 0
      outSlope: 0
      tangentMode: 0
      weightedMode: 0
      inWeight: 0.33333334
      outWeight: 0.33333334
    m_PreInfinity: 2
    m_PostInfinity: 2
    m_RotationOrder: 4
--- !u!1001 &1107597931
PrefabInstance:
  m_ObjectHideFlags: 0
  serializedVersion: 2
  m_Modification:
    m_TransformParent: {fileID: 1963787968}
    m_Modifications:
    - target: {fileID: 1611373715402337260, guid: 69347ec506edf4a1fa75d528d6403166, type: 3}
      propertyPath: m_RootOrder
      value: 7
      objectReference: {fileID: 0}
    - target: {fileID: 1611373715402337260, guid: 69347ec506edf4a1fa75d528d6403166, type: 3}
      propertyPath: m_LocalScale.x
      value: 3.8
      objectReference: {fileID: 0}
    - target: {fileID: 1611373715402337260, guid: 69347ec506edf4a1fa75d528d6403166, type: 3}
      propertyPath: m_LocalScale.y
      value: 1
      objectReference: {fileID: 0}
    - target: {fileID: 1611373715402337260, guid: 69347ec506edf4a1fa75d528d6403166, type: 3}
      propertyPath: m_LocalScale.z
      value: 2
      objectReference: {fileID: 0}
    - target: {fileID: 1611373715402337260, guid: 69347ec506edf4a1fa75d528d6403166, type: 3}
      propertyPath: m_LocalPosition.x
      value: 11.15
      objectReference: {fileID: 0}
    - target: {fileID: 1611373715402337260, guid: 69347ec506edf4a1fa75d528d6403166, type: 3}
      propertyPath: m_LocalPosition.y
      value: -1
      objectReference: {fileID: 0}
    - target: {fileID: 1611373715402337260, guid: 69347ec506edf4a1fa75d528d6403166, type: 3}
      propertyPath: m_LocalPosition.z
      value: 0
      objectReference: {fileID: 0}
    - target: {fileID: 1611373715402337260, guid: 69347ec506edf4a1fa75d528d6403166, type: 3}
      propertyPath: m_LocalRotation.w
      value: 1
      objectReference: {fileID: 0}
    - target: {fileID: 1611373715402337260, guid: 69347ec506edf4a1fa75d528d6403166, type: 3}
      propertyPath: m_LocalRotation.x
      value: -0
      objectReference: {fileID: 0}
    - target: {fileID: 1611373715402337260, guid: 69347ec506edf4a1fa75d528d6403166, type: 3}
      propertyPath: m_LocalRotation.y
      value: -0
      objectReference: {fileID: 0}
    - target: {fileID: 1611373715402337260, guid: 69347ec506edf4a1fa75d528d6403166, type: 3}
      propertyPath: m_LocalRotation.z
      value: -0
      objectReference: {fileID: 0}
    - target: {fileID: 1611373715402337260, guid: 69347ec506edf4a1fa75d528d6403166, type: 3}
      propertyPath: m_LocalEulerAnglesHint.x
      value: 0
      objectReference: {fileID: 0}
    - target: {fileID: 1611373715402337260, guid: 69347ec506edf4a1fa75d528d6403166, type: 3}
      propertyPath: m_LocalEulerAnglesHint.y
      value: 0
      objectReference: {fileID: 0}
    - target: {fileID: 1611373715402337260, guid: 69347ec506edf4a1fa75d528d6403166, type: 3}
      propertyPath: m_LocalEulerAnglesHint.z
      value: 0
      objectReference: {fileID: 0}
    - target: {fileID: 3700365744653131959, guid: 69347ec506edf4a1fa75d528d6403166, type: 3}
      propertyPath: m_Name
      value: Lava
      objectReference: {fileID: 0}
    - target: {fileID: 4685225785906711079, guid: 69347ec506edf4a1fa75d528d6403166, type: 3}
      propertyPath: DamagePerSecond
      value: 25
      objectReference: {fileID: 0}
    m_RemovedComponents: []
  m_SourcePrefab: {fileID: 100100000, guid: 69347ec506edf4a1fa75d528d6403166, type: 3}
--- !u!4 &1190615870 stripped
Transform:
  m_CorrespondingSourceObject: {fileID: 1611373715402337260, guid: 69347ec506edf4a1fa75d528d6403166, type: 3}
  m_PrefabInstance: {fileID: 1107597931}
  m_PrefabAsset: {fileID: 0}
--- !u!1 &1223281081
GameObject:
  m_ObjectHideFlags: 0
  m_CorrespondingSourceObject: {fileID: 0}
  m_PrefabInstance: {fileID: 0}
  m_PrefabAsset: {fileID: 0}
  serializedVersion: 6
  m_Component:
  - component: {fileID: 1223281082}
  - component: {fileID: 1223281085}
  - component: {fileID: 1223281084}
  - component: {fileID: 1223281083}
  m_Layer: 0
  m_Name: Cube (8)
  m_TagString: Untagged
  m_Icon: {fileID: 0}
  m_NavMeshLayer: 0
  m_StaticEditorFlags: 0
  m_IsActive: 1
--- !u!4 &1223281082
Transform:
  m_ObjectHideFlags: 0
  m_CorrespondingSourceObject: {fileID: 0}
  m_PrefabInstance: {fileID: 0}
  m_PrefabAsset: {fileID: 0}
  m_GameObject: {fileID: 1223281081}
  m_LocalRotation: {x: -0, y: -0, z: -0, w: 1}
  m_LocalPosition: {x: 32.27, y: -1.38, z: 0}
  m_LocalScale: {x: 6, y: 2, z: 2}
  m_Children: []
  m_Father: {fileID: 1963787968}
  m_RootOrder: 4
  m_LocalEulerAnglesHint: {x: 0, y: 0, z: 0}
--- !u!65 &1223281083
BoxCollider:
  m_ObjectHideFlags: 0
  m_CorrespondingSourceObject: {fileID: 0}
  m_PrefabInstance: {fileID: 0}
  m_PrefabAsset: {fileID: 0}
  m_GameObject: {fileID: 1223281081}
  m_Material: {fileID: 13400000, guid: dd18dc4ac24554a0badca3bef5a8c155, type: 2}
  m_IsTrigger: 0
  m_Enabled: 1
  serializedVersion: 2
  m_Size: {x: 1, y: 1, z: 1}
  m_Center: {x: 0, y: 0, z: 0}
--- !u!23 &1223281084
MeshRenderer:
  m_ObjectHideFlags: 0
  m_CorrespondingSourceObject: {fileID: 0}
  m_PrefabInstance: {fileID: 0}
  m_PrefabAsset: {fileID: 0}
  m_GameObject: {fileID: 1223281081}
  m_Enabled: 1
  m_CastShadows: 1
  m_ReceiveShadows: 1
  m_DynamicOccludee: 1
  m_MotionVectors: 1
  m_LightProbeUsage: 1
  m_ReflectionProbeUsage: 1
  m_RayTracingMode: 2
  m_RayTraceProcedural: 0
  m_RenderingLayerMask: 1
  m_RendererPriority: 0
  m_Materials:
  - {fileID: 2100000, guid: 5c13ff935b260447a861acd7df56ba6c, type: 2}
  m_StaticBatchInfo:
    firstSubMesh: 0
    subMeshCount: 0
  m_StaticBatchRoot: {fileID: 0}
  m_ProbeAnchor: {fileID: 0}
  m_LightProbeVolumeOverride: {fileID: 0}
  m_ScaleInLightmap: 1
  m_ReceiveGI: 1
  m_PreserveUVs: 0
  m_IgnoreNormalsForChartDetection: 0
  m_ImportantGI: 0
  m_StitchLightmapSeams: 1
  m_SelectedEditorRenderState: 3
  m_MinimumChartSize: 4
  m_AutoUVMaxDistance: 0.5
  m_AutoUVMaxAngle: 89
  m_LightmapParameters: {fileID: 0}
  m_SortingLayerID: 0
  m_SortingLayer: 0
  m_SortingOrder: 0
  m_AdditionalVertexStreams: {fileID: 0}
--- !u!33 &1223281085
MeshFilter:
  m_ObjectHideFlags: 0
  m_CorrespondingSourceObject: {fileID: 0}
  m_PrefabInstance: {fileID: 0}
  m_PrefabAsset: {fileID: 0}
  m_GameObject: {fileID: 1223281081}
  m_Mesh: {fileID: 10202, guid: 0000000000000000e000000000000000, type: 0}
--- !u!1001 &1353041825
PrefabInstance:
  m_ObjectHideFlags: 0
  serializedVersion: 2
  m_Modification:
    m_TransformParent: {fileID: 0}
    m_Modifications:
    - target: {fileID: 388290615712883373, guid: 84cdaea7e8c0742a1979f52df6d1db4d, type: 3}
      propertyPath: Health
      value: 75
      objectReference: {fileID: 0}
    - target: {fileID: 388290615712883373, guid: 84cdaea7e8c0742a1979f52df6d1db4d, type: 3}
      propertyPath: LandSound
      value: 
      objectReference: {fileID: 0}
    - target: {fileID: 388290615712883373, guid: 84cdaea7e8c0742a1979f52df6d1db4d, type: 3}
      propertyPath: MoveSound
      value: 
      objectReference: {fileID: 0}
    - target: {fileID: 388290615712883373, guid: 84cdaea7e8c0742a1979f52df6d1db4d, type: 3}
      propertyPath: CrouchWalkSpeed
      value: 3
      objectReference: {fileID: 0}
    - target: {fileID: 388290615712883536, guid: 84cdaea7e8c0742a1979f52df6d1db4d, type: 3}
      propertyPath: m_RootOrder
      value: 1
      objectReference: {fileID: 0}
    - target: {fileID: 388290615712883536, guid: 84cdaea7e8c0742a1979f52df6d1db4d, type: 3}
      propertyPath: m_LocalPosition.x
      value: -3.96
      objectReference: {fileID: 0}
    - target: {fileID: 388290615712883536, guid: 84cdaea7e8c0742a1979f52df6d1db4d, type: 3}
      propertyPath: m_LocalPosition.y
      value: 1
      objectReference: {fileID: 0}
    - target: {fileID: 388290615712883536, guid: 84cdaea7e8c0742a1979f52df6d1db4d, type: 3}
      propertyPath: m_LocalPosition.z
      value: 0
      objectReference: {fileID: 0}
    - target: {fileID: 388290615712883536, guid: 84cdaea7e8c0742a1979f52df6d1db4d, type: 3}
      propertyPath: m_LocalRotation.w
      value: 1
      objectReference: {fileID: 0}
    - target: {fileID: 388290615712883536, guid: 84cdaea7e8c0742a1979f52df6d1db4d, type: 3}
      propertyPath: m_LocalRotation.x
      value: -0
      objectReference: {fileID: 0}
    - target: {fileID: 388290615712883536, guid: 84cdaea7e8c0742a1979f52df6d1db4d, type: 3}
      propertyPath: m_LocalRotation.y
      value: -0
      objectReference: {fileID: 0}
    - target: {fileID: 388290615712883536, guid: 84cdaea7e8c0742a1979f52df6d1db4d, type: 3}
      propertyPath: m_LocalRotation.z
      value: -0
      objectReference: {fileID: 0}
    - target: {fileID: 388290615712883536, guid: 84cdaea7e8c0742a1979f52df6d1db4d, type: 3}
      propertyPath: m_LocalEulerAnglesHint.x
      value: 0
      objectReference: {fileID: 0}
    - target: {fileID: 388290615712883536, guid: 84cdaea7e8c0742a1979f52df6d1db4d, type: 3}
      propertyPath: m_LocalEulerAnglesHint.y
      value: 0
      objectReference: {fileID: 0}
    - target: {fileID: 388290615712883536, guid: 84cdaea7e8c0742a1979f52df6d1db4d, type: 3}
      propertyPath: m_LocalEulerAnglesHint.z
      value: 0
      objectReference: {fileID: 0}
    - target: {fileID: 388290615712883543, guid: 84cdaea7e8c0742a1979f52df6d1db4d, type: 3}
      propertyPath: m_Name
      value: Player
      objectReference: {fileID: 0}
    m_RemovedComponents: []
  m_SourcePrefab: {fileID: 100100000, guid: 84cdaea7e8c0742a1979f52df6d1db4d, type: 3}
--- !u!4 &1444645753 stripped
Transform:
  m_CorrespondingSourceObject: {fileID: 1611373715402337260, guid: 69347ec506edf4a1fa75d528d6403166, type: 3}
  m_PrefabInstance: {fileID: 823743250}
  m_PrefabAsset: {fileID: 0}
--- !u!1 &1456701471 stripped
GameObject:
  m_CorrespondingSourceObject: {fileID: 3700365744653131959, guid: 69347ec506edf4a1fa75d528d6403166, type: 3}
  m_PrefabInstance: {fileID: 1107597931}
  m_PrefabAsset: {fileID: 0}
--- !u!82 &1456701476
AudioSource:
  m_ObjectHideFlags: 0
  m_CorrespondingSourceObject: {fileID: 0}
  m_PrefabInstance: {fileID: 0}
  m_PrefabAsset: {fileID: 0}
  m_GameObject: {fileID: 1456701471}
  m_Enabled: 1
  serializedVersion: 4
  OutputAudioMixerGroup: {fileID: 3183887455806922010, guid: 1bb3e3d89617e8547a7c226869018708, type: 2}
  m_audioClip: {fileID: 8300000, guid: 1e29c97281c15f740b82dc5eb0245603, type: 3}
  m_PlayOnAwake: 1
  m_Volume: 1
  m_Pitch: 1
  Loop: 1
  Mute: 0
  Spatialize: 0
  SpatializePostEffects: 0
  Priority: 91
  DopplerLevel: 0.87
  MinDistance: 1
  MaxDistance: 500
  Pan2D: 0
  rolloffMode: 2
  BypassEffects: 0
  BypassListenerEffects: 0
  BypassReverbZones: 0
  rolloffCustomCurve:
    serializedVersion: 2
    m_Curve:
    - serializedVersion: 3
      time: 0.002
      value: 1
      inSlope: -500.20065
      outSlope: -500.20065
      tangentMode: 0
      weightedMode: 0
      inWeight: 0
      outWeight: 0
    - serializedVersion: 3
      time: 0.004
      value: 0.5
      inSlope: -125.05016
      outSlope: -125.05016
      tangentMode: 0
      weightedMode: 0
      inWeight: 0
      outWeight: 0
    - serializedVersion: 3
      time: 0.008
      value: 0.25
      inSlope: -31.26254
      outSlope: -31.26254
      tangentMode: 0
      weightedMode: 0
      inWeight: 0
      outWeight: 0
    - serializedVersion: 3
      time: 0.016
      value: 0.125
      inSlope: -7.815635
      outSlope: -7.815635
      tangentMode: 0
      weightedMode: 0
      inWeight: 0
      outWeight: 0
    - serializedVersion: 3
      time: 0.032
      value: 0.0625
      inSlope: -1.9539088
      outSlope: -1.9539088
      tangentMode: 0
      weightedMode: 0
      inWeight: 0
      outWeight: 0
    - serializedVersion: 3
      time: 0.128
      value: 0.015625
      inSlope: -0.1221193
      outSlope: -0.1221193
      tangentMode: 0
      weightedMode: 0
      inWeight: 0
      outWeight: 0
    - serializedVersion: 3
      time: 0.256
      value: 0.0078125
      inSlope: -0.030529825
      outSlope: -0.030529825
      tangentMode: 0
      weightedMode: 0
      inWeight: 0
      outWeight: 0
    - serializedVersion: 3
      time: 0.47955984
      value: 0
      inSlope: -0.0076324563
      outSlope: -0.0076324563
      tangentMode: 0
      weightedMode: 0
      inWeight: 0
      outWeight: 0
    - serializedVersion: 3
      time: 0.50925416
      value: 0.4833866
      inSlope: 5.4281025
      outSlope: 5.4281025
      tangentMode: 0
      weightedMode: 0
      inWeight: 0.33333334
      outWeight: 0.33333334
    - serializedVersion: 3
      time: 0.59193885
      value: 0.6143799
      inSlope: 0.03037361
      outSlope: 0.03037361
      tangentMode: 0
      weightedMode: 0
      inWeight: 0
      outWeight: 1
    - serializedVersion: 3
      time: 0.67731714
      value: 0.48988193
      inSlope: -4.017955
      outSlope: -4.017955
      tangentMode: 0
      weightedMode: 0
      inWeight: 0.33333334
      outWeight: 0.33333334
    - serializedVersion: 3
      time: 0.762146
      value: 0
      inSlope: -0.002000801
      outSlope: -0.002000801
      tangentMode: 0
      weightedMode: 0
      inWeight: 0
      outWeight: 0
    m_PreInfinity: 2
    m_PostInfinity: 2
    m_RotationOrder: 4
  panLevelCustomCurve:
    serializedVersion: 2
    m_Curve:
    - serializedVersion: 3
      time: 0
      value: 1
      inSlope: 0
      outSlope: 0
      tangentMode: 0
      weightedMode: 0
      inWeight: 0.33333334
      outWeight: 0.33333334
    m_PreInfinity: 2
    m_PostInfinity: 2
    m_RotationOrder: 4
  spreadCustomCurve:
    serializedVersion: 2
    m_Curve:
    - serializedVersion: 3
      time: 0
      value: 0
      inSlope: 0
      outSlope: 0
      tangentMode: 0
      weightedMode: 0
      inWeight: 0.33333334
      outWeight: 0.33333334
    - serializedVersion: 3
      time: 0.5171171
      value: 0
      inSlope: 0
      outSlope: 0
      tangentMode: 0
      weightedMode: 0
      inWeight: 0.33333334
      outWeight: 0.33333334
    - serializedVersion: 3
      time: 0.534344
      value: 0.4531024
      inSlope: 2.148358
      outSlope: 2.148358
      tangentMode: 0
      weightedMode: 0
      inWeight: 0.33333334
      outWeight: 1
    - serializedVersion: 3
      time: 0.5891942
      value: 0.51953125
      inSlope: 0
      outSlope: 0
      tangentMode: 0
      weightedMode: 0
      inWeight: 0.33333334
      outWeight: 0.33333334
    - serializedVersion: 3
      time: 0.6467546
      value: 0.46380964
      inSlope: -1.5534267
      outSlope: -1.5534267
      tangentMode: 0
      weightedMode: 0
      inWeight: 1
      outWeight: 0.33333334
    - serializedVersion: 3
      time: 0.70090085
      value: 0
      inSlope: 0
      outSlope: 0
      tangentMode: 0
      weightedMode: 0
      inWeight: 0.33333334
      outWeight: 0.33333334
    m_PreInfinity: 2
    m_PostInfinity: 2
    m_RotationOrder: 4
  reverbZoneMixCustomCurve:
    serializedVersion: 2
    m_Curve:
    - serializedVersion: 3
      time: 0
      value: 1
      inSlope: 0
      outSlope: 0
      tangentMode: 0
      weightedMode: 0
      inWeight: 0.33333334
      outWeight: 0.33333334
    m_PreInfinity: 2
    m_PostInfinity: 2
    m_RotationOrder: 4
--- !u!1001 &1593301278
PrefabInstance:
  m_ObjectHideFlags: 0
  serializedVersion: 2
  m_Modification:
    m_TransformParent: {fileID: 0}
    m_Modifications:
    - target: {fileID: 2326340101419835249, guid: 3f000e8ddecb748a09b1d673c4bfc94d, type: 3}
      propertyPath: m_Enabled
      value: 0
      objectReference: {fileID: 0}
    - target: {fileID: 2326340101419835250, guid: 3f000e8ddecb748a09b1d673c4bfc94d, type: 3}
      propertyPath: m_Name
      value: Camera
      objectReference: {fileID: 0}
    - target: {fileID: 2326340101419835255, guid: 3f000e8ddecb748a09b1d673c4bfc94d, type: 3}
      propertyPath: m_RootOrder
      value: 0
      objectReference: {fileID: 0}
    - target: {fileID: 2326340101419835255, guid: 3f000e8ddecb748a09b1d673c4bfc94d, type: 3}
      propertyPath: m_LocalPosition.x
      value: -5.8
      objectReference: {fileID: 0}
    - target: {fileID: 2326340101419835255, guid: 3f000e8ddecb748a09b1d673c4bfc94d, type: 3}
      propertyPath: m_LocalPosition.y
      value: 13.1
      objectReference: {fileID: 0}
    - target: {fileID: 2326340101419835255, guid: 3f000e8ddecb748a09b1d673c4bfc94d, type: 3}
      propertyPath: m_LocalPosition.z
      value: -17.02
      objectReference: {fileID: 0}
    - target: {fileID: 2326340101419835255, guid: 3f000e8ddecb748a09b1d673c4bfc94d, type: 3}
      propertyPath: m_LocalRotation.w
      value: 0.95095754
      objectReference: {fileID: 0}
    - target: {fileID: 2326340101419835255, guid: 3f000e8ddecb748a09b1d673c4bfc94d, type: 3}
      propertyPath: m_LocalRotation.x
      value: 0.22979724
      objectReference: {fileID: 0}
    - target: {fileID: 2326340101419835255, guid: 3f000e8ddecb748a09b1d673c4bfc94d, type: 3}
      propertyPath: m_LocalRotation.y
      value: 0.20126499
      objectReference: {fileID: 0}
    - target: {fileID: 2326340101419835255, guid: 3f000e8ddecb748a09b1d673c4bfc94d, type: 3}
      propertyPath: m_LocalRotation.z
      value: -0.048635338
      objectReference: {fileID: 0}
    - target: {fileID: 2326340101419835255, guid: 3f000e8ddecb748a09b1d673c4bfc94d, type: 3}
      propertyPath: m_LocalEulerAnglesHint.x
      value: 27.17
      objectReference: {fileID: 0}
    - target: {fileID: 2326340101419835255, guid: 3f000e8ddecb748a09b1d673c4bfc94d, type: 3}
      propertyPath: m_LocalEulerAnglesHint.y
      value: 23.9
      objectReference: {fileID: 0}
    - target: {fileID: 2326340101419835255, guid: 3f000e8ddecb748a09b1d673c4bfc94d, type: 3}
      propertyPath: m_LocalEulerAnglesHint.z
      value: 0
      objectReference: {fileID: 0}
    - target: {fileID: 3160613225807283662, guid: 3f000e8ddecb748a09b1d673c4bfc94d, type: 3}
      propertyPath: m_LocalRotation.w
      value: 0.9711519
      objectReference: {fileID: 0}
    - target: {fileID: 3160613225807283662, guid: 3f000e8ddecb748a09b1d673c4bfc94d, type: 3}
      propertyPath: m_LocalRotation.x
      value: 0.17211427
      objectReference: {fileID: 0}
    - target: {fileID: 3160613225807283662, guid: 3f000e8ddecb748a09b1d673c4bfc94d, type: 3}
      propertyPath: m_LocalRotation.y
      value: 0.16251504
      objectReference: {fileID: 0}
    - target: {fileID: 3160613225807283662, guid: 3f000e8ddecb748a09b1d673c4bfc94d, type: 3}
      propertyPath: m_LocalRotation.z
      value: -0.02880204
      objectReference: {fileID: 0}
    - target: {fileID: 3160613225807283662, guid: 3f000e8ddecb748a09b1d673c4bfc94d, type: 3}
      propertyPath: m_LocalEulerAnglesHint.x
      value: 20.1
      objectReference: {fileID: 0}
    - target: {fileID: 3160613225807283662, guid: 3f000e8ddecb748a09b1d673c4bfc94d, type: 3}
      propertyPath: m_LocalEulerAnglesHint.y
      value: 19
      objectReference: {fileID: 0}
    - target: {fileID: 3160613225807283663, guid: 3f000e8ddecb748a09b1d673c4bfc94d, type: 3}
      propertyPath: m_Color.b
      value: 0.8392157
      objectReference: {fileID: 0}
    - target: {fileID: 3160613225807283663, guid: 3f000e8ddecb748a09b1d673c4bfc94d, type: 3}
      propertyPath: m_Color.g
      value: 1
      objectReference: {fileID: 0}
    - target: {fileID: 3160613225807283663, guid: 3f000e8ddecb748a09b1d673c4bfc94d, type: 3}
      propertyPath: m_Color.r
      value: 0.9989144
      objectReference: {fileID: 0}
    - target: {fileID: 3160613225807283663, guid: 3f000e8ddecb748a09b1d673c4bfc94d, type: 3}
      propertyPath: m_Intensity
      value: 1.11
      objectReference: {fileID: 0}
    - target: {fileID: 3160613225807283663, guid: 3f000e8ddecb748a09b1d673c4bfc94d, type: 3}
      propertyPath: m_ShadowAngle
      value: 0
      objectReference: {fileID: 0}
    - target: {fileID: 3160613225807283663, guid: 3f000e8ddecb748a09b1d673c4bfc94d, type: 3}
      propertyPath: m_Shadows.m_Bias
      value: 0.56
      objectReference: {fileID: 0}
    - target: {fileID: 3160613225807283663, guid: 3f000e8ddecb748a09b1d673c4bfc94d, type: 3}
      propertyPath: m_BounceIntensity
      value: 2.68
      objectReference: {fileID: 0}
    - target: {fileID: 3160613225807283663, guid: 3f000e8ddecb748a09b1d673c4bfc94d, type: 3}
      propertyPath: m_Shadows.m_NearPlane
      value: 0.099999994
      objectReference: {fileID: 0}
    - target: {fileID: 3160613225807283663, guid: 3f000e8ddecb748a09b1d673c4bfc94d, type: 3}
      propertyPath: m_Shadows.m_NormalBias
      value: 0
      objectReference: {fileID: 0}
    m_RemovedComponents: []
  m_SourcePrefab: {fileID: 100100000, guid: 3f000e8ddecb748a09b1d673c4bfc94d, type: 3}
--- !u!1 &1638392374
GameObject:
  m_ObjectHideFlags: 0
  m_CorrespondingSourceObject: {fileID: 0}
  m_PrefabInstance: {fileID: 0}
  m_PrefabAsset: {fileID: 0}
  serializedVersion: 6
  m_Component:
  - component: {fileID: 1638392375}
  - component: {fileID: 1638392378}
  - component: {fileID: 1638392377}
  - component: {fileID: 1638392376}
  m_Layer: 0
  m_Name: Cube (7)
  m_TagString: Untagged
  m_Icon: {fileID: 0}
  m_NavMeshLayer: 0
  m_StaticEditorFlags: 0
  m_IsActive: 1
--- !u!4 &1638392375
Transform:
  m_ObjectHideFlags: 0
  m_CorrespondingSourceObject: {fileID: 0}
  m_PrefabInstance: {fileID: 0}
  m_PrefabAsset: {fileID: 0}
  m_GameObject: {fileID: 1638392374}
  m_LocalRotation: {x: -0, y: -0, z: -0, w: 1}
  m_LocalPosition: {x: 24.22, y: 14.76, z: 0}
  m_LocalScale: {x: 6, y: 29.318401, z: 2}
  m_Children: []
  m_Father: {fileID: 1963787968}
  m_RootOrder: 3
  m_LocalEulerAnglesHint: {x: 0, y: 0, z: 0}
--- !u!65 &1638392376
BoxCollider:
  m_ObjectHideFlags: 0
  m_CorrespondingSourceObject: {fileID: 0}
  m_PrefabInstance: {fileID: 0}
  m_PrefabAsset: {fileID: 0}
  m_GameObject: {fileID: 1638392374}
  m_Material: {fileID: 13400000, guid: dd18dc4ac24554a0badca3bef5a8c155, type: 2}
  m_IsTrigger: 0
  m_Enabled: 1
  serializedVersion: 2
  m_Size: {x: 1, y: 1, z: 1}
  m_Center: {x: 0, y: 0, z: 0}
--- !u!23 &1638392377
MeshRenderer:
  m_ObjectHideFlags: 0
  m_CorrespondingSourceObject: {fileID: 0}
  m_PrefabInstance: {fileID: 0}
  m_PrefabAsset: {fileID: 0}
  m_GameObject: {fileID: 1638392374}
  m_Enabled: 1
  m_CastShadows: 1
  m_ReceiveShadows: 1
  m_DynamicOccludee: 1
  m_MotionVectors: 1
  m_LightProbeUsage: 1
  m_ReflectionProbeUsage: 1
  m_RayTracingMode: 2
  m_RayTraceProcedural: 0
  m_RenderingLayerMask: 1
  m_RendererPriority: 0
  m_Materials:
  - {fileID: 2100000, guid: 5c13ff935b260447a861acd7df56ba6c, type: 2}
  m_StaticBatchInfo:
    firstSubMesh: 0
    subMeshCount: 0
  m_StaticBatchRoot: {fileID: 0}
  m_ProbeAnchor: {fileID: 0}
  m_LightProbeVolumeOverride: {fileID: 0}
  m_ScaleInLightmap: 1
  m_ReceiveGI: 1
  m_PreserveUVs: 0
  m_IgnoreNormalsForChartDetection: 0
  m_ImportantGI: 0
  m_StitchLightmapSeams: 1
  m_SelectedEditorRenderState: 3
  m_MinimumChartSize: 4
  m_AutoUVMaxDistance: 0.5
  m_AutoUVMaxAngle: 89
  m_LightmapParameters: {fileID: 0}
  m_SortingLayerID: 0
  m_SortingLayer: 0
  m_SortingOrder: 0
  m_AdditionalVertexStreams: {fileID: 0}
--- !u!33 &1638392378
MeshFilter:
  m_ObjectHideFlags: 0
  m_CorrespondingSourceObject: {fileID: 0}
  m_PrefabInstance: {fileID: 0}
  m_PrefabAsset: {fileID: 0}
  m_GameObject: {fileID: 1638392374}
  m_Mesh: {fileID: 10202, guid: 0000000000000000e000000000000000, type: 0}
--- !u!1001 &1659233203
PrefabInstance:
  m_ObjectHideFlags: 0
  serializedVersion: 2
  m_Modification:
    m_TransformParent: {fileID: 0}
    m_Modifications:
    - target: {fileID: 32555554175121506, guid: 121f86fb39eee44fab4c667b07955a56, type: 3}
      propertyPath: m_FontData.m_BestFit
      value: 1
      objectReference: {fileID: 0}
    - target: {fileID: 32555554175121506, guid: 121f86fb39eee44fab4c667b07955a56, type: 3}
      propertyPath: m_FontData.m_MaxSize
      value: 90
      objectReference: {fileID: 0}
    - target: {fileID: 1150171459024202484, guid: 121f86fb39eee44fab4c667b07955a56, type: 3}
      propertyPath: m_FontData.m_BestFit
      value: 1
      objectReference: {fileID: 0}
    - target: {fileID: 1150171459024202484, guid: 121f86fb39eee44fab4c667b07955a56, type: 3}
      propertyPath: m_FontData.m_MaxSize
      value: 90
      objectReference: {fileID: 0}
    - target: {fileID: 1319069883477747238, guid: 121f86fb39eee44fab4c667b07955a56, type: 3}
      propertyPath: m_SizeDelta.x
      value: 457
      objectReference: {fileID: 0}
    - target: {fileID: 1319069883477747238, guid: 121f86fb39eee44fab4c667b07955a56, type: 3}
      propertyPath: m_SizeDelta.y
      value: 95
      objectReference: {fileID: 0}
    - target: {fileID: 1383001421808309857, guid: 121f86fb39eee44fab4c667b07955a56, type: 3}
      propertyPath: m_FontData.m_MaxSize
      value: 70
      objectReference: {fileID: 0}
    - target: {fileID: 1383001421808309857, guid: 121f86fb39eee44fab4c667b07955a56, type: 3}
      propertyPath: m_FontData.m_FontSize
      value: 70
      objectReference: {fileID: 0}
    - target: {fileID: 2680897919062657880, guid: 121f86fb39eee44fab4c667b07955a56, type: 3}
      propertyPath: m_SizeDelta.x
      value: 457
      objectReference: {fileID: 0}
    - target: {fileID: 2680897919062657880, guid: 121f86fb39eee44fab4c667b07955a56, type: 3}
      propertyPath: m_SizeDelta.y
      value: 30
      objectReference: {fileID: 0}
    - target: {fileID: 2680897919062657880, guid: 121f86fb39eee44fab4c667b07955a56, type: 3}
      propertyPath: m_LocalScale.x
      value: 3.9
      objectReference: {fileID: 0}
    - target: {fileID: 2680897919062657880, guid: 121f86fb39eee44fab4c667b07955a56, type: 3}
      propertyPath: m_LocalScale.y
      value: 4.46
      objectReference: {fileID: 0}
    - target: {fileID: 4336814722416416079, guid: 121f86fb39eee44fab4c667b07955a56, type: 3}
      propertyPath: m_LocalScale.x
      value: 2
      objectReference: {fileID: 0}
    - target: {fileID: 4336814722416416079, guid: 121f86fb39eee44fab4c667b07955a56, type: 3}
      propertyPath: m_LocalScale.y
      value: 2
      objectReference: {fileID: 0}
    - target: {fileID: 4336814722416416079, guid: 121f86fb39eee44fab4c667b07955a56, type: 3}
      propertyPath: m_LocalRotation.x
      value: -0
      objectReference: {fileID: 0}
    - target: {fileID: 4336814722416416079, guid: 121f86fb39eee44fab4c667b07955a56, type: 3}
      propertyPath: m_LocalRotation.y
      value: -0
      objectReference: {fileID: 0}
    - target: {fileID: 4336814722416416079, guid: 121f86fb39eee44fab4c667b07955a56, type: 3}
      propertyPath: m_LocalRotation.z
      value: -0
      objectReference: {fileID: 0}
    - target: {fileID: 4336814722416416079, guid: 121f86fb39eee44fab4c667b07955a56, type: 3}
      propertyPath: m_AnchoredPosition.y
      value: -70
      objectReference: {fileID: 0}
    - target: {fileID: 5498275000204030530, guid: 121f86fb39eee44fab4c667b07955a56, type: 3}
      propertyPath: m_FontData.m_MaxSize
      value: 70
      objectReference: {fileID: 0}
    - target: {fileID: 5498275000204030530, guid: 121f86fb39eee44fab4c667b07955a56, type: 3}
      propertyPath: m_FontData.m_MinSize
      value: 0
      objectReference: {fileID: 0}
    - target: {fileID: 5498275000204030530, guid: 121f86fb39eee44fab4c667b07955a56, type: 3}
      propertyPath: m_FontData.m_FontSize
      value: 70
      objectReference: {fileID: 0}
    - target: {fileID: 5599447260040897483, guid: 121f86fb39eee44fab4c667b07955a56, type: 3}
      propertyPath: m_SizeDelta.x
      value: 446.6274
      objectReference: {fileID: 0}
    - target: {fileID: 5599447260040897483, guid: 121f86fb39eee44fab4c667b07955a56, type: 3}
      propertyPath: m_SizeDelta.y
      value: 104.96
      objectReference: {fileID: 0}
    - target: {fileID: 5599447260040897483, guid: 121f86fb39eee44fab4c667b07955a56, type: 3}
      propertyPath: m_LocalScale.x
      value: 1
      objectReference: {fileID: 0}
    - target: {fileID: 5599447260040897483, guid: 121f86fb39eee44fab4c667b07955a56, type: 3}
      propertyPath: m_LocalScale.y
      value: 1
      objectReference: {fileID: 0}
    - target: {fileID: 6291972051182949576, guid: 121f86fb39eee44fab4c667b07955a56, type: 3}
      propertyPath: m_RootOrder
      value: 2
      objectReference: {fileID: 0}
    - target: {fileID: 6291972051182949576, guid: 121f86fb39eee44fab4c667b07955a56, type: 3}
      propertyPath: m_LocalPosition.x
      value: 0
      objectReference: {fileID: 0}
    - target: {fileID: 6291972051182949576, guid: 121f86fb39eee44fab4c667b07955a56, type: 3}
      propertyPath: m_LocalPosition.y
      value: 0
      objectReference: {fileID: 0}
    - target: {fileID: 6291972051182949576, guid: 121f86fb39eee44fab4c667b07955a56, type: 3}
      propertyPath: m_LocalPosition.z
      value: 0
      objectReference: {fileID: 0}
    - target: {fileID: 6291972051182949576, guid: 121f86fb39eee44fab4c667b07955a56, type: 3}
      propertyPath: m_LocalRotation.w
      value: 1
      objectReference: {fileID: 0}
    - target: {fileID: 6291972051182949576, guid: 121f86fb39eee44fab4c667b07955a56, type: 3}
      propertyPath: m_LocalRotation.x
      value: 0
      objectReference: {fileID: 0}
    - target: {fileID: 6291972051182949576, guid: 121f86fb39eee44fab4c667b07955a56, type: 3}
      propertyPath: m_LocalRotation.y
      value: 0
      objectReference: {fileID: 0}
    - target: {fileID: 6291972051182949576, guid: 121f86fb39eee44fab4c667b07955a56, type: 3}
      propertyPath: m_LocalRotation.z
      value: 0
      objectReference: {fileID: 0}
    - target: {fileID: 6291972051182949576, guid: 121f86fb39eee44fab4c667b07955a56, type: 3}
      propertyPath: m_LocalEulerAnglesHint.x
      value: 0
      objectReference: {fileID: 0}
    - target: {fileID: 6291972051182949576, guid: 121f86fb39eee44fab4c667b07955a56, type: 3}
      propertyPath: m_LocalEulerAnglesHint.y
      value: 0
      objectReference: {fileID: 0}
    - target: {fileID: 6291972051182949576, guid: 121f86fb39eee44fab4c667b07955a56, type: 3}
      propertyPath: m_LocalEulerAnglesHint.z
      value: 0
      objectReference: {fileID: 0}
    - target: {fileID: 6291972051182949577, guid: 121f86fb39eee44fab4c667b07955a56, type: 3}
      propertyPath: m_Name
      value: GameManager
      objectReference: {fileID: 0}
    - target: {fileID: 6291972051182949583, guid: 121f86fb39eee44fab4c667b07955a56, type: 3}
      propertyPath: Goal
      value: 
      objectReference: {fileID: 1968698144}
    - target: {fileID: 6291972051182949583, guid: 121f86fb39eee44fab4c667b07955a56, type: 3}
      propertyPath: Mixer
      value: 
      objectReference: {fileID: 24300002, guid: 1bb3e3d89617e8547a7c226869018708, type: 2}
    - target: {fileID: 6291972051182949583, guid: 121f86fb39eee44fab4c667b07955a56, type: 3}
      propertyPath: Normal
      value: 
      objectReference: {fileID: 1996704267153463993, guid: 1bb3e3d89617e8547a7c226869018708, type: 2}
    - target: {fileID: 6291972051182949583, guid: 121f86fb39eee44fab4c667b07955a56, type: 3}
      propertyPath: InPause
      value: 
      objectReference: {fileID: -5208417627072888569, guid: 1bb3e3d89617e8547a7c226869018708, type: 2}
    - target: {fileID: 6291972051182949583, guid: 121f86fb39eee44fab4c667b07955a56, type: 3}
      propertyPath: WinSound
      value: 
      objectReference: {fileID: 228418545}
    - target: {fileID: 6291972051182949583, guid: 121f86fb39eee44fab4c667b07955a56, type: 3}
      propertyPath: LandSound
      value: 
      objectReference: {fileID: 0}
    - target: {fileID: 6291972051182949583, guid: 121f86fb39eee44fab4c667b07955a56, type: 3}
      propertyPath: LoseSound
      value: 
      objectReference: {fileID: 2034582754}
    - target: {fileID: 6291972051182949583, guid: 121f86fb39eee44fab4c667b07955a56, type: 3}
      propertyPath: MoveSound
      value: 
      objectReference: {fileID: 0}
    - target: {fileID: 6291972051182949583, guid: 121f86fb39eee44fab4c667b07955a56, type: 3}
      propertyPath: TimerCount
      value: 
      objectReference: {fileID: 1692581637}
    - target: {fileID: 6291972051182949583, guid: 121f86fb39eee44fab4c667b07955a56, type: 3}
      propertyPath: TimerStart
      value: 17
      objectReference: {fileID: 0}
    - target: {fileID: 6330609405713752692, guid: 121f86fb39eee44fab4c667b07955a56, type: 3}
      propertyPath: m_SizeDelta.x
      value: 457
      objectReference: {fileID: 0}
    - target: {fileID: 6330609405713752692, guid: 121f86fb39eee44fab4c667b07955a56, type: 3}
      propertyPath: m_SizeDelta.y
      value: 30
      objectReference: {fileID: 0}
    - target: {fileID: 6330609405713752692, guid: 121f86fb39eee44fab4c667b07955a56, type: 3}
      propertyPath: m_LocalScale.x
      value: 3.9
      objectReference: {fileID: 0}
    - target: {fileID: 6330609405713752692, guid: 121f86fb39eee44fab4c667b07955a56, type: 3}
      propertyPath: m_LocalScale.y
      value: 4.46
      objectReference: {fileID: 0}
    m_RemovedComponents: []
  m_SourcePrefab: {fileID: 100100000, guid: 121f86fb39eee44fab4c667b07955a56, type: 3}
--- !u!1 &1692581635
GameObject:
  m_ObjectHideFlags: 0
  m_CorrespondingSourceObject: {fileID: 0}
  m_PrefabInstance: {fileID: 0}
  m_PrefabAsset: {fileID: 0}
  serializedVersion: 6
  m_Component:
  - component: {fileID: 1692581636}
  - component: {fileID: 1692581638}
  - component: {fileID: 1692581637}
  m_Layer: 0
  m_Name: Timer
  m_TagString: Untagged
  m_Icon: {fileID: 0}
  m_NavMeshLayer: 0
  m_StaticEditorFlags: 0
  m_IsActive: 1
--- !u!224 &1692581636
RectTransform:
  m_ObjectHideFlags: 0
  m_CorrespondingSourceObject: {fileID: 0}
  m_PrefabInstance: {fileID: 0}
  m_PrefabAsset: {fileID: 0}
  m_GameObject: {fileID: 1692581635}
  m_LocalRotation: {x: -0, y: -0, z: -0, w: 1}
  m_LocalPosition: {x: 0, y: 0, z: 0}
  m_LocalScale: {x: 1, y: 1, z: 1}
  m_Children: []
  m_Father: {fileID: 2102265235}
  m_RootOrder: 5
  m_LocalEulerAnglesHint: {x: 0, y: 0, z: 0}
  m_AnchorMin: {x: 0.5, y: 0.5}
  m_AnchorMax: {x: 0.5, y: 0.5}
  m_AnchoredPosition: {x: 1068, y: 572}
  m_SizeDelta: {x: 394.3889, y: 82.0863}
  m_Pivot: {x: 0.5, y: 0.5}
--- !u!114 &1692581637
MonoBehaviour:
  m_ObjectHideFlags: 0
  m_CorrespondingSourceObject: {fileID: 0}
  m_PrefabInstance: {fileID: 0}
  m_PrefabAsset: {fileID: 0}
  m_GameObject: {fileID: 1692581635}
  m_Enabled: 1
  m_EditorHideFlags: 0
  m_Script: {fileID: 11500000, guid: 5f7201a12d95ffc409449d95f23cf332, type: 3}
  m_Name: 
  m_EditorClassIdentifier: 
  m_Material: {fileID: 0}
  m_Color: {r: 0.19607843, g: 0.19607843, b: 0.19607843, a: 1}
  m_RaycastTarget: 1
  m_RaycastPadding: {x: 0, y: 0, z: 0, w: 0}
  m_Maskable: 1
  m_OnCullStateChanged:
    m_PersistentCalls:
      m_Calls: []
  m_FontData:
    m_Font: {fileID: 10102, guid: 0000000000000000e000000000000000, type: 0}
    m_FontSize: 70
    m_FontStyle: 0
    m_BestFit: 0
    m_MinSize: 0
    m_MaxSize: 70
    m_Alignment: 2
    m_AlignByGeometry: 0
    m_RichText: 1
    m_HorizontalOverflow: 0
    m_VerticalOverflow: 0
    m_LineSpacing: 1
  m_Text: 'Timer: 0'
--- !u!222 &1692581638
CanvasRenderer:
  m_ObjectHideFlags: 0
  m_CorrespondingSourceObject: {fileID: 0}
  m_PrefabInstance: {fileID: 0}
  m_PrefabAsset: {fileID: 0}
  m_GameObject: {fileID: 1692581635}
  m_CullTransparentMesh: 1
--- !u!1 &1843666316
GameObject:
  m_ObjectHideFlags: 0
  m_CorrespondingSourceObject: {fileID: 0}
  m_PrefabInstance: {fileID: 0}
  m_PrefabAsset: {fileID: 0}
  serializedVersion: 6
  m_Component:
  - component: {fileID: 1843666317}
  - component: {fileID: 1843666318}
  m_Layer: 0
  m_Name: BackgroundAudio
  m_TagString: Untagged
  m_Icon: {fileID: 0}
  m_NavMeshLayer: 0
  m_StaticEditorFlags: 0
  m_IsActive: 1
--- !u!4 &1843666317
Transform:
  m_ObjectHideFlags: 0
  m_CorrespondingSourceObject: {fileID: 0}
  m_PrefabInstance: {fileID: 0}
  m_PrefabAsset: {fileID: 0}
  m_GameObject: {fileID: 1843666316}
  m_LocalRotation: {x: 0, y: 0, z: 0, w: 1}
  m_LocalPosition: {x: -3.2177382, y: 8.483591, z: -11.521507}
  m_LocalScale: {x: 1, y: 1, z: 1}
  m_Children: []
  m_Father: {fileID: 0}
  m_RootOrder: 4
  m_LocalEulerAnglesHint: {x: 0, y: 0, z: 0}
--- !u!82 &1843666318
AudioSource:
  m_ObjectHideFlags: 0
  m_CorrespondingSourceObject: {fileID: 0}
  m_PrefabInstance: {fileID: 0}
  m_PrefabAsset: {fileID: 0}
  m_GameObject: {fileID: 1843666316}
  m_Enabled: 1
  serializedVersion: 4
  OutputAudioMixerGroup: {fileID: 7946050278977768020, guid: 1bb3e3d89617e8547a7c226869018708, type: 2}
  m_audioClip: {fileID: 8300000, guid: 3d179dc82dc046a48b989ea1b4f92a7b, type: 3}
  m_PlayOnAwake: 1
  m_Volume: 0.34
  m_Pitch: 1
  Loop: 1
  Mute: 0
  Spatialize: 0
  SpatializePostEffects: 0
  Priority: 128
  DopplerLevel: 1
  MinDistance: 1
  MaxDistance: 500
  Pan2D: 0
  rolloffMode: 0
  BypassEffects: 0
  BypassListenerEffects: 0
  BypassReverbZones: 0
  rolloffCustomCurve:
    serializedVersion: 2
    m_Curve:
    - serializedVersion: 3
      time: 0
      value: 1
      inSlope: 0
      outSlope: 0
      tangentMode: 0
      weightedMode: 0
      inWeight: 0.33333334
      outWeight: 0.33333334
    - serializedVersion: 3
      time: 1
      value: 0
      inSlope: 0
      outSlope: 0
      tangentMode: 0
      weightedMode: 0
      inWeight: 0.33333334
      outWeight: 0.33333334
    m_PreInfinity: 2
    m_PostInfinity: 2
    m_RotationOrder: 4
  panLevelCustomCurve:
    serializedVersion: 2
    m_Curve:
    - serializedVersion: 3
      time: 0
      value: 0
      inSlope: 0
      outSlope: 0
      tangentMode: 0
      weightedMode: 0
      inWeight: 0.33333334
      outWeight: 0.33333334
    m_PreInfinity: 2
    m_PostInfinity: 2
    m_RotationOrder: 4
  spreadCustomCurve:
    serializedVersion: 2
    m_Curve:
    - serializedVersion: 3
      time: 0
      value: 0
      inSlope: 0
      outSlope: 0
      tangentMode: 0
      weightedMode: 0
      inWeight: 0.33333334
      outWeight: 0.33333334
    m_PreInfinity: 2
    m_PostInfinity: 2
    m_RotationOrder: 4
  reverbZoneMixCustomCurve:
    serializedVersion: 2
    m_Curve:
    - serializedVersion: 3
      time: 0
      value: 1
      inSlope: 0
      outSlope: 0
      tangentMode: 0
      weightedMode: 0
      inWeight: 0.33333334
      outWeight: 0.33333334
    m_PreInfinity: 2
    m_PostInfinity: 2
    m_RotationOrder: 4
--- !u!1001 &1884938160
PrefabInstance:
  m_ObjectHideFlags: 0
  serializedVersion: 2
  m_Modification:
    m_TransformParent: {fileID: 1072210415}
    m_Modifications:
    - target: {fileID: 1232642526394195318, guid: be47ac35f899a42c2b88ba88da941498, type: 3}
      propertyPath: m_Name
      value: MovementBlocker
      objectReference: {fileID: 0}
    - target: {fileID: 1232642526394195319, guid: be47ac35f899a42c2b88ba88da941498, type: 3}
      propertyPath: m_RootOrder
      value: 1
      objectReference: {fileID: 0}
    - target: {fileID: 1232642526394195319, guid: be47ac35f899a42c2b88ba88da941498, type: 3}
      propertyPath: m_LocalPosition.x
      value: -12
      objectReference: {fileID: 0}
    - target: {fileID: 1232642526394195319, guid: be47ac35f899a42c2b88ba88da941498, type: 3}
      propertyPath: m_LocalPosition.y
      value: 0
      objectReference: {fileID: 0}
    - target: {fileID: 1232642526394195319, guid: be47ac35f899a42c2b88ba88da941498, type: 3}
      propertyPath: m_LocalPosition.z
      value: 0
      objectReference: {fileID: 0}
    - target: {fileID: 1232642526394195319, guid: be47ac35f899a42c2b88ba88da941498, type: 3}
      propertyPath: m_LocalRotation.w
      value: 1
      objectReference: {fileID: 0}
    - target: {fileID: 1232642526394195319, guid: be47ac35f899a42c2b88ba88da941498, type: 3}
      propertyPath: m_LocalRotation.x
      value: 0
      objectReference: {fileID: 0}
    - target: {fileID: 1232642526394195319, guid: be47ac35f899a42c2b88ba88da941498, type: 3}
      propertyPath: m_LocalRotation.y
      value: 0
      objectReference: {fileID: 0}
    - target: {fileID: 1232642526394195319, guid: be47ac35f899a42c2b88ba88da941498, type: 3}
      propertyPath: m_LocalRotation.z
      value: 0
      objectReference: {fileID: 0}
    - target: {fileID: 1232642526394195319, guid: be47ac35f899a42c2b88ba88da941498, type: 3}
      propertyPath: m_LocalEulerAnglesHint.x
      value: 0
      objectReference: {fileID: 0}
    - target: {fileID: 1232642526394195319, guid: be47ac35f899a42c2b88ba88da941498, type: 3}
      propertyPath: m_LocalEulerAnglesHint.y
      value: 0
      objectReference: {fileID: 0}
    - target: {fileID: 1232642526394195319, guid: be47ac35f899a42c2b88ba88da941498, type: 3}
      propertyPath: m_LocalEulerAnglesHint.z
      value: 0
      objectReference: {fileID: 0}
    m_RemovedComponents: []
  m_SourcePrefab: {fileID: 100100000, guid: be47ac35f899a42c2b88ba88da941498, type: 3}
--- !u!1 &1894568324
GameObject:
  m_ObjectHideFlags: 0
  m_CorrespondingSourceObject: {fileID: 0}
  m_PrefabInstance: {fileID: 0}
  m_PrefabAsset: {fileID: 0}
  serializedVersion: 6
  m_Component:
  - component: {fileID: 1894568325}
  - component: {fileID: 1894568328}
  - component: {fileID: 1894568327}
  - component: {fileID: 1894568326}
  m_Layer: 0
  m_Name: Cube (9)
  m_TagString: Untagged
  m_Icon: {fileID: 0}
  m_NavMeshLayer: 0
  m_StaticEditorFlags: 0
  m_IsActive: 1
--- !u!4 &1894568325
Transform:
  m_ObjectHideFlags: 0
  m_CorrespondingSourceObject: {fileID: 0}
  m_PrefabInstance: {fileID: 0}
  m_PrefabAsset: {fileID: 0}
  m_GameObject: {fileID: 1894568324}
  m_LocalRotation: {x: -0, y: -0, z: -0, w: 1}
  m_LocalPosition: {x: 31.23, y: 14.17, z: 0}
  m_LocalScale: {x: 2.1576, y: 26.1408, z: 2}
  m_Children: []
  m_Father: {fileID: 1963787968}
  m_RootOrder: 5
  m_LocalEulerAnglesHint: {x: 0, y: 0, z: 0}
--- !u!65 &1894568326
BoxCollider:
  m_ObjectHideFlags: 0
  m_CorrespondingSourceObject: {fileID: 0}
  m_PrefabInstance: {fileID: 0}
  m_PrefabAsset: {fileID: 0}
  m_GameObject: {fileID: 1894568324}
  m_Material: {fileID: 13400000, guid: dd18dc4ac24554a0badca3bef5a8c155, type: 2}
  m_IsTrigger: 0
  m_Enabled: 1
  serializedVersion: 2
  m_Size: {x: 1, y: 1, z: 1}
  m_Center: {x: 0, y: 0, z: 0}
--- !u!23 &1894568327
MeshRenderer:
  m_ObjectHideFlags: 0
  m_CorrespondingSourceObject: {fileID: 0}
  m_PrefabInstance: {fileID: 0}
  m_PrefabAsset: {fileID: 0}
  m_GameObject: {fileID: 1894568324}
  m_Enabled: 1
  m_CastShadows: 1
  m_ReceiveShadows: 1
  m_DynamicOccludee: 1
  m_MotionVectors: 1
  m_LightProbeUsage: 1
  m_ReflectionProbeUsage: 1
  m_RayTracingMode: 2
  m_RayTraceProcedural: 0
  m_RenderingLayerMask: 1
  m_RendererPriority: 0
  m_Materials:
  - {fileID: 2100000, guid: 5c13ff935b260447a861acd7df56ba6c, type: 2}
  m_StaticBatchInfo:
    firstSubMesh: 0
    subMeshCount: 0
  m_StaticBatchRoot: {fileID: 0}
  m_ProbeAnchor: {fileID: 0}
  m_LightProbeVolumeOverride: {fileID: 0}
  m_ScaleInLightmap: 1
  m_ReceiveGI: 1
  m_PreserveUVs: 0
  m_IgnoreNormalsForChartDetection: 0
  m_ImportantGI: 0
  m_StitchLightmapSeams: 1
  m_SelectedEditorRenderState: 3
  m_MinimumChartSize: 4
  m_AutoUVMaxDistance: 0.5
  m_AutoUVMaxAngle: 89
  m_LightmapParameters: {fileID: 0}
  m_SortingLayerID: 0
  m_SortingLayer: 0
  m_SortingOrder: 0
  m_AdditionalVertexStreams: {fileID: 0}
--- !u!33 &1894568328
MeshFilter:
  m_ObjectHideFlags: 0
  m_CorrespondingSourceObject: {fileID: 0}
  m_PrefabInstance: {fileID: 0}
  m_PrefabAsset: {fileID: 0}
  m_GameObject: {fileID: 1894568324}
  m_Mesh: {fileID: 10202, guid: 0000000000000000e000000000000000, type: 0}
--- !u!1 &1935243836
GameObject:
  m_ObjectHideFlags: 0
  m_CorrespondingSourceObject: {fileID: 0}
  m_PrefabInstance: {fileID: 0}
  m_PrefabAsset: {fileID: 0}
  serializedVersion: 6
  m_Component:
  - component: {fileID: 1935243837}
  - component: {fileID: 1935243840}
  - component: {fileID: 1935243839}
  - component: {fileID: 1935243838}
  m_Layer: 0
  m_Name: LowerLayer
  m_TagString: Untagged
  m_Icon: {fileID: 0}
  m_NavMeshLayer: 0
  m_StaticEditorFlags: 0
  m_IsActive: 1
--- !u!4 &1935243837
Transform:
  m_ObjectHideFlags: 0
  m_CorrespondingSourceObject: {fileID: 0}
  m_PrefabInstance: {fileID: 0}
  m_PrefabAsset: {fileID: 0}
  m_GameObject: {fileID: 1935243836}
  m_LocalRotation: {x: 0, y: 0, z: 0, w: 1}
  m_LocalPosition: {x: 0, y: -2, z: 0}
  m_LocalScale: {x: 100, y: 1, z: 2}
  m_Children: []
  m_Father: {fileID: 1963787968}
  m_RootOrder: 8
  m_LocalEulerAnglesHint: {x: 0, y: 0, z: 0}
--- !u!65 &1935243838
BoxCollider:
  m_ObjectHideFlags: 0
  m_CorrespondingSourceObject: {fileID: 0}
  m_PrefabInstance: {fileID: 0}
  m_PrefabAsset: {fileID: 0}
  m_GameObject: {fileID: 1935243836}
  m_Material: {fileID: 0}
  m_IsTrigger: 0
  m_Enabled: 1
  serializedVersion: 2
  m_Size: {x: 1, y: 1, z: 1}
  m_Center: {x: 0, y: 0, z: 0}
--- !u!23 &1935243839
MeshRenderer:
  m_ObjectHideFlags: 0
  m_CorrespondingSourceObject: {fileID: 0}
  m_PrefabInstance: {fileID: 0}
  m_PrefabAsset: {fileID: 0}
  m_GameObject: {fileID: 1935243836}
  m_Enabled: 1
  m_CastShadows: 1
  m_ReceiveShadows: 1
  m_DynamicOccludee: 1
  m_MotionVectors: 1
  m_LightProbeUsage: 1
  m_ReflectionProbeUsage: 1
  m_RayTracingMode: 2
  m_RayTraceProcedural: 0
  m_RenderingLayerMask: 1
  m_RendererPriority: 0
  m_Materials:
  - {fileID: 2100000, guid: 5c13ff935b260447a861acd7df56ba6c, type: 2}
  m_StaticBatchInfo:
    firstSubMesh: 0
    subMeshCount: 0
  m_StaticBatchRoot: {fileID: 0}
  m_ProbeAnchor: {fileID: 0}
  m_LightProbeVolumeOverride: {fileID: 0}
  m_ScaleInLightmap: 1
  m_ReceiveGI: 1
  m_PreserveUVs: 0
  m_IgnoreNormalsForChartDetection: 0
  m_ImportantGI: 0
  m_StitchLightmapSeams: 1
  m_SelectedEditorRenderState: 3
  m_MinimumChartSize: 4
  m_AutoUVMaxDistance: 0.5
  m_AutoUVMaxAngle: 89
  m_LightmapParameters: {fileID: 0}
  m_SortingLayerID: 0
  m_SortingLayer: 0
  m_SortingOrder: 0
  m_AdditionalVertexStreams: {fileID: 0}
--- !u!33 &1935243840
MeshFilter:
  m_ObjectHideFlags: 0
  m_CorrespondingSourceObject: {fileID: 0}
  m_PrefabInstance: {fileID: 0}
  m_PrefabAsset: {fileID: 0}
  m_GameObject: {fileID: 1935243836}
  m_Mesh: {fileID: 10202, guid: 0000000000000000e000000000000000, type: 0}
--- !u!1 &1963787967
GameObject:
  m_ObjectHideFlags: 0
  m_CorrespondingSourceObject: {fileID: 0}
  m_PrefabInstance: {fileID: 0}
  m_PrefabAsset: {fileID: 0}
  serializedVersion: 6
  m_Component:
  - component: {fileID: 1963787968}
  m_Layer: 0
  m_Name: Ground
  m_TagString: Untagged
  m_Icon: {fileID: 0}
  m_NavMeshLayer: 0
  m_StaticEditorFlags: 0
  m_IsActive: 1
--- !u!4 &1963787968
Transform:
  m_ObjectHideFlags: 0
  m_CorrespondingSourceObject: {fileID: 0}
  m_PrefabInstance: {fileID: 0}
  m_PrefabAsset: {fileID: 0}
  m_GameObject: {fileID: 1963787967}
  m_LocalRotation: {x: 0, y: 0, z: 0, w: 1}
  m_LocalPosition: {x: 0, y: 0, z: 0}
  m_LocalScale: {x: 1, y: 1, z: 1}
  m_Children:
  - {fileID: 17359215}
  - {fileID: 1993230189}
  - {fileID: 922701982}
  - {fileID: 1638392375}
  - {fileID: 1223281082}
  - {fileID: 1894568325}
  - {fileID: 1444645753}
  - {fileID: 1190615870}
  - {fileID: 1935243837}
  m_Father: {fileID: 1072210415}
  m_RootOrder: 2
  m_LocalEulerAnglesHint: {x: 0, y: 0, z: 0}
--- !u!4 &1968698144 stripped
Transform:
  m_CorrespondingSourceObject: {fileID: 747049159031288287, guid: 29bbcad1aec454191b36de1f52bd2a67, type: 3}
  m_PrefabInstance: {fileID: 808777001}
  m_PrefabAsset: {fileID: 0}
--- !u!1 &1993230188
GameObject:
  m_ObjectHideFlags: 0
  m_CorrespondingSourceObject: {fileID: 0}
  m_PrefabInstance: {fileID: 0}
  m_PrefabAsset: {fileID: 0}
  serializedVersion: 6
  m_Component:
  - component: {fileID: 1993230189}
  - component: {fileID: 1993230192}
  - component: {fileID: 1993230191}
  - component: {fileID: 1993230190}
  m_Layer: 0
  m_Name: Cube (5)
  m_TagString: Untagged
  m_Icon: {fileID: 0}
  m_NavMeshLayer: 0
  m_StaticEditorFlags: 0
  m_IsActive: 1
--- !u!4 &1993230189
Transform:
  m_ObjectHideFlags: 0
  m_CorrespondingSourceObject: {fileID: 0}
  m_PrefabInstance: {fileID: 0}
  m_PrefabAsset: {fileID: 0}
  m_GameObject: {fileID: 1993230188}
  m_LocalRotation: {x: -0, y: -0, z: -0, w: 1}
  m_LocalPosition: {x: 6.25, y: -0.55, z: 0}
  m_LocalScale: {x: 6, y: 2, z: 2}
  m_Children: []
  m_Father: {fileID: 1963787968}
  m_RootOrder: 1
  m_LocalEulerAnglesHint: {x: 0, y: 0, z: 0}
--- !u!65 &1993230190
BoxCollider:
  m_ObjectHideFlags: 0
  m_CorrespondingSourceObject: {fileID: 0}
  m_PrefabInstance: {fileID: 0}
  m_PrefabAsset: {fileID: 0}
  m_GameObject: {fileID: 1993230188}
  m_Material: {fileID: 13400000, guid: dd18dc4ac24554a0badca3bef5a8c155, type: 2}
  m_IsTrigger: 0
  m_Enabled: 1
  serializedVersion: 2
  m_Size: {x: 1, y: 1, z: 1}
  m_Center: {x: 0, y: 0, z: 0}
--- !u!23 &1993230191
MeshRenderer:
  m_ObjectHideFlags: 0
  m_CorrespondingSourceObject: {fileID: 0}
  m_PrefabInstance: {fileID: 0}
  m_PrefabAsset: {fileID: 0}
  m_GameObject: {fileID: 1993230188}
  m_Enabled: 1
  m_CastShadows: 1
  m_ReceiveShadows: 1
  m_DynamicOccludee: 1
  m_MotionVectors: 1
  m_LightProbeUsage: 1
  m_ReflectionProbeUsage: 1
  m_RayTracingMode: 2
  m_RayTraceProcedural: 0
  m_RenderingLayerMask: 1
  m_RendererPriority: 0
  m_Materials:
  - {fileID: 2100000, guid: 5c13ff935b260447a861acd7df56ba6c, type: 2}
  m_StaticBatchInfo:
    firstSubMesh: 0
    subMeshCount: 0
  m_StaticBatchRoot: {fileID: 0}
  m_ProbeAnchor: {fileID: 0}
  m_LightProbeVolumeOverride: {fileID: 0}
  m_ScaleInLightmap: 1
  m_ReceiveGI: 1
  m_PreserveUVs: 0
  m_IgnoreNormalsForChartDetection: 0
  m_ImportantGI: 0
  m_StitchLightmapSeams: 1
  m_SelectedEditorRenderState: 3
  m_MinimumChartSize: 4
  m_AutoUVMaxDistance: 0.5
  m_AutoUVMaxAngle: 89
  m_LightmapParameters: {fileID: 0}
  m_SortingLayerID: 0
  m_SortingLayer: 0
  m_SortingOrder: 0
  m_AdditionalVertexStreams: {fileID: 0}
--- !u!33 &1993230192
MeshFilter:
  m_ObjectHideFlags: 0
  m_CorrespondingSourceObject: {fileID: 0}
  m_PrefabInstance: {fileID: 0}
  m_PrefabAsset: {fileID: 0}
  m_GameObject: {fileID: 1993230188}
  m_Mesh: {fileID: 10202, guid: 0000000000000000e000000000000000, type: 0}
--- !u!1 &2034582753
GameObject:
  m_ObjectHideFlags: 0
  m_CorrespondingSourceObject: {fileID: 0}
  m_PrefabInstance: {fileID: 0}
  m_PrefabAsset: {fileID: 0}
  serializedVersion: 6
  m_Component:
  - component: {fileID: 2034582755}
  - component: {fileID: 2034582754}
  m_Layer: 0
  m_Name: Lose
  m_TagString: Untagged
  m_Icon: {fileID: 0}
  m_NavMeshLayer: 0
  m_StaticEditorFlags: 0
  m_IsActive: 1
--- !u!82 &2034582754
AudioSource:
  m_ObjectHideFlags: 0
  m_CorrespondingSourceObject: {fileID: 0}
  m_PrefabInstance: {fileID: 0}
  m_PrefabAsset: {fileID: 0}
  m_GameObject: {fileID: 2034582753}
  m_Enabled: 1
  serializedVersion: 4
  OutputAudioMixerGroup: {fileID: 24300002, guid: 1bb3e3d89617e8547a7c226869018708, type: 2}
  m_audioClip: {fileID: 8300000, guid: 8370c0a708f870940a932c14b400320d, type: 3}
  m_PlayOnAwake: 0
  m_Volume: 0.601
  m_Pitch: 1
  Loop: 0
  Mute: 0
  Spatialize: 0
  SpatializePostEffects: 0
  Priority: 128
  DopplerLevel: 1
  MinDistance: 1
  MaxDistance: 500
  Pan2D: 0
  rolloffMode: 0
  BypassEffects: 0
  BypassListenerEffects: 0
  BypassReverbZones: 0
  rolloffCustomCurve:
    serializedVersion: 2
    m_Curve:
    - serializedVersion: 3
      time: 0
      value: 1
      inSlope: 0
      outSlope: 0
      tangentMode: 0
      weightedMode: 0
      inWeight: 0.33333334
      outWeight: 0.33333334
    - serializedVersion: 3
      time: 1
      value: 0
      inSlope: 0
      outSlope: 0
      tangentMode: 0
      weightedMode: 0
      inWeight: 0.33333334
      outWeight: 0.33333334
    m_PreInfinity: 2
    m_PostInfinity: 2
    m_RotationOrder: 4
  panLevelCustomCurve:
    serializedVersion: 2
    m_Curve:
    - serializedVersion: 3
      time: 0
      value: 0
      inSlope: 0
      outSlope: 0
      tangentMode: 0
      weightedMode: 0
      inWeight: 0.33333334
      outWeight: 0.33333334
    m_PreInfinity: 2
    m_PostInfinity: 2
    m_RotationOrder: 4
  spreadCustomCurve:
    serializedVersion: 2
    m_Curve:
    - serializedVersion: 3
      time: 0
      value: 0
      inSlope: 0
      outSlope: 0
      tangentMode: 0
      weightedMode: 0
      inWeight: 0.33333334
      outWeight: 0.33333334
    m_PreInfinity: 2
    m_PostInfinity: 2
    m_RotationOrder: 4
  reverbZoneMixCustomCurve:
    serializedVersion: 2
    m_Curve:
    - serializedVersion: 3
      time: 0
      value: 1
      inSlope: 0
      outSlope: 0
      tangentMode: 0
      weightedMode: 0
      inWeight: 0.33333334
      outWeight: 0.33333334
    m_PreInfinity: 2
    m_PostInfinity: 2
    m_RotationOrder: 4
--- !u!224 &2034582755
RectTransform:
  m_ObjectHideFlags: 0
  m_CorrespondingSourceObject: {fileID: 0}
  m_PrefabInstance: {fileID: 0}
  m_PrefabAsset: {fileID: 0}
  m_GameObject: {fileID: 2034582753}
  m_LocalRotation: {x: 0, y: 0, z: 0, w: 1}
  m_LocalPosition: {x: 0, y: 0, z: 0}
  m_LocalScale: {x: 1, y: 1, z: 1}
  m_Children: []
  m_Father: {fileID: 2102265235}
  m_RootOrder: 7
  m_LocalEulerAnglesHint: {x: 0, y: 0, z: 0}
  m_AnchorMin: {x: 0.5, y: 0.5}
  m_AnchorMax: {x: 0.5, y: 0.5}
  m_AnchoredPosition: {x: 0, y: 0}
  m_SizeDelta: {x: 100, y: 100}
  m_Pivot: {x: 0.5, y: 0.5}
--- !u!224 &2102265235 stripped
RectTransform:
  m_CorrespondingSourceObject: {fileID: 2425574232936935157, guid: 121f86fb39eee44fab4c667b07955a56, type: 3}
  m_PrefabInstance: {fileID: 1659233203}
  m_PrefabAsset: {fileID: 0}
